3112 4860
802 275 845 341 10

716 365 921 375 -μ--ι

226 482 342 529 nomen
372 463 459 546 quod
490 465 574 548 gerit
602 465 682 531 illa?
721 465 827 533 dooel‘
859 487 937 532 vera
969 463 1154 530 continetur
1184 463 1410 547 interrogatio,

225 587 289 632 non
313 565 458 633 formalis
481 574 623 652 tantum,
653 577 689 637 ut
711 573 761 638 ita
782 572 903 649 dicam,
933 569 1021 635 velut
1043 569 1114 634 istis
1136 568 1217 634 locis
1241 567 1408 632 laudatis:

232 671 314 753 ,quis
337 671 399 737 scit
421 693 462 737 an
485 673 565 739 haec
588 696 700 741 saevas
723 676 859 760 tigridas
881 675 988 741 insula
1010 671 1128 740 habet‘
1163 679 1196 738 et
1227 672 1344 753 ,nescio
1368 694 1410 738 an

228 775 418 841 exciderunt
448 798 574 843 mecum
607 779 699 846 loca‘.
751 779 785 846 Si
816 782 888 864 quis
918 781 1019 864 igitur
1049 777 1338 861 interrogationem
1368 782 1411 853 ,et

225 878 332 944 insula
350 901 475 946 *nomen
506 883 593 966 quod
619 885 704 967 gerit
733 885 799 950 illa‘
830 885 1022 950 indirectam
1052 903 1121 947 esse
1152 886 1278 962 censet,
1313 879 1409 946 debet

224 982 410 1064 rescribere,
434 986 521 1069 quod
542 987 715 1054 Merkelius
738 990 902 1073 inpriore
925 987 1064 1054 editione
1087 1008 1127 1052 ex
1142 984 1305 1052 nonnullis
1324 983 1410 1050 codi-

226 1086 315 1153 cibus
338 1087 440 1155 edidit
463 1097 575 1174 ‚gerat‘
600 1092 694 1158 modo
719 1094 932 1160 coniuret-ivo.
978 1091 1071 1171 Quod
1095 1091 1246 1176 quoniam
1277 1087 1408 1173 optimis

227 1190 390 1259 codicibus
406 1192 512 1259 facere
529 1201 685 1277 vetamur,
702 1197 989 1280 interrogationem
1005 1195 1222 1279 intellegimus
1239 1193 1406 1273 directam,

226 1293 420 1362 scribentes:
437 1299 531 1380 ,quis‘
547 1300 664 1383 inquit,
680 1300 735 1365 ille
751 1300 874 1366 locus?‘
888 1301 1054 1384 digitoque
1071 1297 1223 1379 ostendit,
1243 1302 1285 1379 ,et
1300 1295 1407 1362 insula

226 1420 342 1464 nomen
373 1402 457 1484 quod
482 1403 565 1486 gerit
587 1405 667 1469 illa?
692 1405 798 1469 docel‘
816 1445 856 1451 —
875 1404 960 1487 quod
977 1426 1014 1468 eo
1031 1403 1135 1486 magis
1152 1399 1405 1467 commendabile

106 1580 111 1587 Ι
225 1503 369 1584 videtur,
392 1506 485 1588 quia,
509 1508 564 1590 qui
587 1509 731 1590 quaerit,
756 1508 857 1593 digito
882 1509 1040 1588 ostendit,
1063 1507 1096 1572 id
1118 1505 1206 1591 quod
1229 1507 1332 1590 magis
1354 1525 1407 1570 ac-

225 1609 460 1674 commodatum
485 1618 533 1676 est
555 1611 597 1676 ad
620 1617 772 1677 naturam
795 1614 1060 1696 interrogationis
1084 1611 1237 1679 directae.

599 1803 678 1884 llel.
707 1804 781 1904 lllll,
807 1804 1034 1886 ree-8⁰2.

465 1941 683 2013 ,Quaesitamque
700 1944 810 1999 Famem
827 1944 950 2014 lapidoso
967 1943 1035 1998 vidit
1052 1944 1081 1999 in
1099 1958 1166 2014 agro

465 2030 601 2100 unguibus
619 2037 647 2086 et
662 2047 738 2088 raras
755 2032 898 2087 vellentem
917 2031 1043 2087 dentibus
1061 2031 1167 2086 herbas.

464 2116 552 2172 hirtus
570 2122 628 2172 erat
645 2119 734 2188 crinis,
753 2136 818 2175 cava
834 2120 944 2188 lumina,
961 2120 1049 2191 pallor
1067 2119 1095 2173 in
1113 2133 1168 2187 ore,

428 2203 537 2273 ⁴‘'„labra
554 2205 651 2262 incana
667 2207 729 2276 situ,
747 2207 858 2262 scabrae
874 2208 999 2278 rubigIns
1017 2206 1153 2262 fauces}

327 2342 371 2410 M.
388 2343 424 2410 L.
442 2342 581 2425 ,fauces‘,
605 2366 635 2424 ς.
647 2347 765 2430 partim
790 2345 919 2428 ‚fauces‘
942 2347 1062 2432 partim
1086 2345 1229 2427 ,dentes‘.
1252 2341 1405 2406 Heinsius

224 2446 360 2512 adnotat
394 2448 459 2528 ,De
481 2448 632 2515 dentibus
657 2451 722 2515 iam
744 2459 975 2535 praecesserat,
998 2472 1099 2535 quare
1115 2448 1275 2514 assentior
1290 2445 1404 2531 pleris-

224 2574 286 2637 que
309 2554 464 2637 antiquis,
487 2555 520 2619 in
544 2555 660 2638 quibus
684 2555 828 2636 ,scabrae
851 2555 980 2636 fauces‘,
1004 2555 1068 2620 nisi
1084 2552 1170 2638 quod
1191 2553 1226 2617 in
1242 2572 1306 2617 uno
1321 2550 1405 2615 Lan-

223 2658 389 2740 germanni
412 2656 555 2735 ,scabrae
579 2659 704 2727 malae‘.
748 2659 847 2725 Libro
877 2665 986 2724 tamen
1015 2659 1064 2739 II,
1098 2659 1159 2723 776
1191 2655 1231 2720 de
1258 2652 1402 2720 Invidia:

224 2761 335 2842 ,livent
357 2759 504 2844 rubigine
527 2761 649 2844 dentes,
672 2769 805 2847 pectora
827 2762 901 2828 felle
924 2764 1038 2827 virent‘
1062 2766 1094 2826 et
1107 2759 1311 2844 rubiginosos
1327 2756 1404 2822 den·

222 2874 269 2930 tes
299 2864 382 2929 dixit
403 2865 500 2935 Mart.
523 2865 578 2932 lib.
608 2867 646 2948 V,
668 2867 779 2952 Epigr.
802 2867 964 2947 XXVIIII,
989 2871 1022 2931 et
1043 2865 1131 2950 apud
1153 2863 1288 2930 eundern
1310 2882 1405 2947 prae-

223 2967 345 3034 fatione
360 2968 414 3034 lib.
431 2970 509 3036 XII:
526 2973 778 3055 ,municipalium
796 2971 910 3054 rubigo
927 2970 1082 3037 dentium.
1105 2969 1257 3034 Petronio
1275 2984 1403 3050 quoque

223 3095 294 3158 cap.
319 3072 487 3139 CXXIIII:
513 3074 627 3153 ,scabri
649 3074 796 3159 rubigine
814 3075 946 3143 dentes‘.
971 3072 1079 3138 Habes
1096 3077 1129 3137 et
1144 3070 1274 3137 scabros
1289 3060 1403 3134 dentes

222 3177 310 3263 apud
334 3178 420 3244 Suet.
453 3178 538 3261 Aug.
570 3179 721 3244 LXVIIII
760 3185 793 3243 et
822 3179 1024 3244 Marcianum
1065 3177 1230 3262 Capellam
1259 3172 1316 3240 lib.
1354 3171 1402 3236 III

221 3283 314 3347 initio
338 3281 479 3364 ,scabros
503 3283 615 3348 dentes
644 3284 883 3367 vitiliginesque
913 3283 1098 3366 linguarum
1131 3285 1163 3346 et
1193 3279 1333 3359 sordes‘,
1364 3298 1402 3343 ex

222 3385 338 3469 quibus
361 3385 524 3468 vulgatam
548 3386 719 3452 lectionem
741 3388 776 3451 in
796 3386 857 3452 hoc
881 3387 1017 3451 Nasonis
1033 3386 1103 3450 loco
1119 3383 1272 3451 tuebatur
1289 3387 1401 3449 noster
1453 3466 1462 3486 .

223 3489 408 3555 Graevius.“
446 3489 494 3554 De
516 3491 580 3554 illis
603 3491 708 3556 verbis
732 3490 781 3573 ,de
806 3490 955 3556 dentibus
978 3511 1049 3570 gam
1064 3491 1296 3574 praecesserat
1319 3485 1402 3568 vide,

222 3592 301 3677 quid
329 3598 470 3677 exponat
486 3600 597 3659 contra
614 3594 791 3678 Gierigius:
819 3635 878 3676 ,—
894 3595 1043 3660 Nondum
1061 3594 1145 3658 enirn
1157 3597 1254 3677 poeta
1268 3591 1401 3656 Famem

226 3697 389 3779 describit,
419 3697 475 3764 sed
498 3698 567 3763 eius
588 3720 704 3783 agrum
725 3722 817 3766 raras
840 3699 957 3765 herbas
979 3697 1162 3765 habentem.
1190 3697 1233 3763 Et
1254 3717 1317 3780 quo
1332 3696 1403 3761 ime

222 3802 314 3867 Fami
337 3824 429 3868 raros
451 3801 559 3868 dentes
583 3801 778 3868 tribuisset?
810 3805 929 3869 Dentes
959 3805 1043 3869 enim
1073 3803 1131 3868 illa
1161 3823 1225 3867 non
1248 3799 1398 3866 excutit.“

223 3907 269 3970 De
292 3905 442 3972 dentibus
466 3907 565 3990 igitur
587 3908 652 3972 iam
674 3908 802 3973 locutus
826 3913 897 3974 erat
920 3914 1026 3992 poeta,
1051 3905 1195 3972 sednon
1216 3909 1254 3970 ut
1278 3905 1401 3986 dentes,

221 4009 278 4075 sed
301 4015 337 4075 ut
360 4010 624 4076 consuetudinem
649 4011 773 4076 vivendi
807 4012 915 4076 Famis
938 4012 971 4075 in
993 4011 1176 4076 universum
1193 4006 1401 4075 describeret.

221 4112 329 4179 Verba
350 4115 475 4179 Heinsii
498 4115 597 4198 igitur
619 4115 662 4181 ad
683 4115 878 4181 reiciendam
902 4116 1096 4201 scripturam
1120 4114 1253 4197 ,dentes‘
1268 4135 1333 4180 non
1348 4134 1403 4179 va—
1496 4137 1498 4143 ·

220 4218 300 4284 lent.
331 4217 358 4282 E
381 4219 543 4283 contrario
568 4217 697 4300 ,fauces‘
721 4218 799 4283 mihi
814 4219 908 4284 valde
936 4223 1122 4303 suspectum
1148 4217 1285 4286 videtur.
1330 4216 1403 4282 Non

221 4321 304 4386 enim
329 4321 501 4387 verisimile
524 4329 591 4406 est,
625 4313 806 4406 hocloco,
840 4343 903 4407 quo
938 4323 1078 4389 exterior
1109 4330 1238 4390 tantum
1270 4322 1401 4388 habitus
