3112 4860
760 260 778 319 7

176 446 274 513 verbo
298 447 456 534 ,tinguit‘3
487 447 521 513 id
544 446 630 532 quod
653 467 717 513 non
739 446 803 513 diei
824 451 933 532 potest
955 439 1002 513 de¹
1017 445 1179 532 scriptura
1193 445 1360 530 ,infectas‘,
1447 489 1449 494 ν

176 572 274 635 quam
297 557 429 618 tuentur
450 552 526 618 libri
549 553 671 637 optimi.

559 742 639 823 oet.
667 742 729 846 ru,
756 743 978 824 rao-471.

380 900 500 976 ,ΛΜΗ
517 898 622 954 Oliaros
640 899 824 971 Didymaeque
842 905 869 955 et
887 899 977 954 Tenos
995 904 1023 954 et
1039 897 1148 956 Andros
1218 869 1220 874 *

382 992 410 1042 et
426 986 531 1058 Gyaros
548 986 704 1057 nitidaeque
722 986 799 1043 ferax
817 986 983 1058 Peparethos
1002 986 1089 1042 olivae

380 1074 528 1132 Gnosiacas
546 1074 638 1130 iuvere
654 1076 745 1131 rates.‘
1077 1095 1079 1098 ·

276 1233 320 1301 M.
336 1233 373 1300 L.
397 1237 441 1314 ‚at
458 1239 544 1314 non‘,
568 1250 597 1311 ς.
620 1233 740 1316 partim
758 1238 802 1315 ,at
817 1238 886 1298 nec‘
910 1232 962 1299 vel
977 1238 1023 1315 ,at
1045 1239 1129 1315 non‘,
1152 1233 1274 1317 partim
1291 1253 1359 1316 ,nec

172 1341 259 1406 non‘.
295 1337 330 1404 si
352 1337 523 1403 scribimus
548 1341 593 1420 ,at
615 1343 687 1404 non‘
712 1337 763 1403 rel
780 1343 825 1420 ,at
840 1343 919 1420 nec‘,
943 1360 1007 1403 non
1021 1339 1232 1422 intellegitur,
1256 1358 1356 1420 quare

171 1441 259 1506 inter
280 1442 515 1508 enumerandas
538 1464 593 1508 eas
615 1443 779 1523 civitates,
804 1464 887 1526 quae
909 1443 1010 1508 Minoi
1033 1443 1102 1526 regi
1130 1443 1357 1526 promiserant,

171 1566 205 1610 se
227 1543 312 1612 bello
336 1548 365 1611 ei
387 1544 558 1614 adfuturas
581 1567 660 1628 esse,
683 1546 809 1630 aliquot
831 1548 979 1613 civitates
1001 1551 1247 1623 enumerentur,
1271 1565 1356 1629 quae

171 1650 201 1714 ei
220 1649 376 1716 auxilium
400 1671 465 1716 non
487 1651 643 1718 tulerunt.
690 1651 782 1730 Quod
812 1652 863 1717 vel
893 1653 996 1735 magis
1025 1652 1143 1716 mirum
1173 1653 1240 1732 est,
1284 1670 1357 1714 cum

170 1754 352 1820 nominibus
375 1777 487 1820 earum
509 1757 696 1838 civitatum,
721 1778 803 1841 quae
827 1757 985 1822 auxilium
1007 1759 1225 1839 negaverunt,
1248 1753 1355 1836 dictis,

169 1858 260 1924 nulla
283 1879 382 1924 causa
405 1858 571 1941 afferatur,
595 1882 659 1943 qua
683 1861 724 1925 ad
739 1861 920 1945 negandum
938 1860 1093 1926 auxilium
1112 1858 1265 1924 inductae
1280 1859 1355 1928 sint.

168 1963 304 2046 Aliquot
326 1963 472 2029 versibus
493 1971 577 2049 post,
600 1987 673 2030 cum
690 1971 788 2049 poeta
808 1970 1047 2047 commemoret,
1072 1964 1248 2048 Aeginetas
1264 1963 1356 2028 auxi-

169 2067 250 2132 lium
273 2089 429 2152 negasse,
460 2091 592 2152 causas,
623 2069 740 2153 quibus
763 2071 915 2136 commoti
945 2071 1026 2152 sint,
1058 2069 1218 2154 explicitis
1249 2066 1355 2133 verbis

172 2177 313 2253 enarrat,
337 2172 372 2238 id
394 2173 480 2257 quod
502 2175 535 2239 in
558 2175 618 2240 tali
638 2197 747 2240 rerum
764 2175 951 2242 condicione
968 2196 1040 2240 cum
1055 2173 1202 2239 historici
1218 2177 1268 2237 est
1283 2178 1354 2238 tum

168 2280 299 2360 poetae,
332 2277 524 2362 praesertim
557 2283 668 2344 autem
699 2278 822 2361 Ovidii,
855 2301 951 2364 quem
981 2300 1001 2343 a
1032 2278 1135 2344 sterili
1157 2275 1353 2343 narrationis

167 2379 338 2447 ieiunitate
360 2381 500 2447 maxime
529 2380 713 2464 abhorrere,
744 2384 845 2449 cnivis
867 2388 981 2449 notum
1010 2387 1069 2448 est.
1115 2381 1163 2446 De
1191 2379 1353 2465 particula

168 2505 236 2566 ,nec
257 2490 331 2551 non‘
355 2485 452 2551 simili
474 2485 570 2552 modo
594 2486 740 2553 adhibita
762 2487 871 2554 videas
893 2489 920 2570 I,
943 2490 1023 2569 6133
1045 2488 1087 2554 II.
1112 2486 1186 2553 615.

553 2677 634 2758 uer.
661 2678 722 2781 νιι,
749 2678 962 2759 seo-531.

366 2835 498 2904 ‚numque
516 2839 611 2904 quater
628 2835 757 2891 iunctis
776 2835 894 2907 explevit
912 2834 1038 2891 comibus
1055 2833 1147 2890 orbem

365 2920 438 2989 luna,
457 2925 553 2990 quater
568 2922 679 2991 plenum
696 2927 807 2978 tenuata
823 2923 941 2978 retexuit
958 2923 1068 2978 orbem}

268 3081 312 3147 M.
328 3080 364 3147 L.
389 3080 522 3164 ,plenis‘,
545 3098 574 3158 ς.
598 3082 718 3164 partim
740 3082 853 3165 plenis,
876 3083 996 3166 partim
1020 3080 1175 3163 ,iunctis‘,
1199 3077 1286 3162 quod
1309 3098 1349 3143 ex

165 3184 290 3251 duobus
312 3189 440 3249 tantum
471 3184 635 3251 codicibus
667 3188 791 3270 recepit
821 3186 1010 3252 Gronovius.
1055 3184 1105 3264 Il,
1140 3186 1202 3247 344
1236 3181 1348 3247 eadem

164 3286 231 3353 fere
252 3286 350 3352 verba
372 3287 542 3370 leguntur:
567 3288 655 3369 ,luna
677 3297 793 3372 quater
814 3291 933 3355 iunctis
957 3289 1103 3373 explerat
1126 3285 1276 3353 cornibus
1298 3301 1383 3352 or-t

163 3391 257 3458 bem‘.
292 3391 494 3474 Quamquam
515 3397 553 3458 ut
576 3392 750 3470 Gronovio,
772 3395 821 3458 ita
835 3393 913 3458 mihi
928 3414 1056 3477 quoque
1073 3393 1235 3474 scriptura
1250 3392 1348 3472 ,iunc-

164 3496 216 3560 tis‘
240 3495 419 3580 elegantior
441 3495 577 3578 videtur,
600 3501 719 3578 tamen,
745 3504 780 3564 ut
803 3497 974 3563 defendam
996 3498 1119 3581 ,plenis‘
1143 3518 1216 3561 cum
1240 3495 1377 3576 Ovidii,

162 3600 319 3684 peculiari
330 3600 534 3683 repetitionis
544 3621 643 3682 more,
658 3608 727 3666 tum
739 3601 999 3686 interpolationis
1012 3601 1194 3685 suspicione
1207 3614 1367 3670 commo·

162 3725 248 3784 reor,
272 3725 337 3788 qua
358 3703 456 3769 lectio
480 3705 619 3786 ,iunctis‘
652 3704 740 3770 haud
768 3705 863 3771 facile
893 3705 1096 3774 liberabitur.
1131 3706 1345 3773 Notissimum

163 3808 247 3874 enim
260 3812 310 3874 est
321 3808 535 3893 plurimisque
546 3811 701 3895 exemplis
723 3810 857 3893 probari
879 3815 988 3894 potest
1003 3810 1111 3876 fusum
1125 3810 1209 3876 illud
1222 3816 1340 3895 poetae

163 3912 290 3978 dicendi
320 3935 440 3998 genus,
473 3935 537 3997 quo
571 3937 644 3981 mea
674 3915 804 3999 quidem
832 3917 993 3982 sententia
1015 3921 1178 3998 vetamur,
1198 3922 1343 3982 mutare

162 4017 276 4084 verba:
301 4017 451 4103 ,dumque
474 4011 590 4104 quater
612 4021 716 4104 plenis
740 4021 886 4105 explorat
909 4019 1060 4087 cornibus
1084 4019 1223 4105 orbem‘;
1248 4019 1295 4088 Of.
1318 4021 1344 4104 I,

164 4128 220 4188 ll:
245 4142 314 4205 ,nec
336 4143 419 4188 nova
443 4123 615 4189 crescendo
638 4124 814 4210 reparabat
837 4146 958 4191 cornua
980 4124 1139 4208 Phoebe‘3
1167 4126 1237 4209 VH,
1264 4129 1343 4191 179:

162 4231 292 4310 tresque
321 4224 458 4292 aberant
489 4232 619 4309 noctes,
660 4235 697 4294 ut
724 4250 846 4295 cornua
875 4235 946 4295 tota
981 4230 1114 4297 coirent‘
1164 4229 1343 4300 efficerent

162 4351 224 4416 que
246 4330 377 4400 orbem‘.
1285 4319 1291 4336 '
