3112 4860
776 281 823 347 VI

203 478 509 579 amplificandum
558 478 804 553 crediderim:
850 479 941 552 mihi
979 477 1077 550 enirn
1122 502 1169 550 ex
1218 477 1391 551 continua

204 599 436 697 singulorum
464 598 659 694 librorum,
689 600 813 699 quoad
841 600 1047 700 scripturae
1069 623 1199 671 eorum
1219 598 1390 672 editioni-

204 723 273 796 bus
311 719 672 819 Metamorphoseon
712 721 956 816 continentur,
996 719 1196 795 collatione
1232 720 1271 792 id
1304 719 1391 793 satis

162 775 172 952 i
206 841 369 917 dilucide
406 841 506 916 effici
541 841 753 939 videbatur,
792 843 961 917 codicem
997 840 1029 914 L
1065 867 1140 914 non
1176 840 1289 915 modo
1317 869 1392 914 non

163 954 176 1089 l
205 990 279 1038 uno
308 990 392 1038 eum
421 963 549 1038 codiee
577 963 619 1036 M
639 964 769 1037 ordine
788 963 1005 1039 habendum
1025 987 1117 1058 esse,
1134 962 1250 1035 immo
1269 963 1390 1061 pretio

168 1096 173 1187 l
206 1084 361 1187 propius
388 1084 571 1160 accedere
589 1084 639 1159 ad
656 1084 822 1186 reliquos
842 1085 959 1161 libros
979 1091 1036 1181 ‚53
1053 1109 1166 1184 quam
1185 1082 1234 1157 ad
1252 1083 1392 1158 librum

167 1191 177 1230 ³
207 1207 260 1282 M.
303 1205 405 1297 Quos
432 1206 550 1282 libros
588 1223 608 1281 ς
648 1206 826 1305 singulos,
856 1231 1083 1307 quamquam
1111 1231 1239 1280 omnes
1267 1206 1392 1307 pretio

208 1341 361 1431 superat
388 1341 425 1404 et
450 1328 577 1428 aliquo
605 1342 691 1431 post
724 1354 765 1404 se
792 1329 994 1402 intervallo
1029 1328 1217 1428 relinquit,
1254 1339 1391 1423 tamen,

208 1450 274 1527 ubi
294 1450 393 1524 liber
419 1450 460 1524 M
488 1450 625 1546 deficit,
656 1451 718 1525 vel
746 1451 821 1546 ubi,
851 1450 941 1549 quid
970 1450 1157 1546 exhibeat,
1187 1449 1300 1523 erasis
1328 1450 1392 1524 vel

42 1670 44 1679 Α
174 1643 178 1665 ,
209 1571 378 1648 evanidis
407 1571 541 1646 litteris
568 1573 752 1647 incertum
780 1585 847 1669 est,
875 1573 912 1644 in
940 1571 1097 1675 librol3
1126 1572 1207 1645 solo
1236 1597 1296 1644 res
1327 1571 1394 1646 cri·
1451 1560 1494 1660 dl

20 1621 66 1759 ill
166 1629 173 1775 l
210 1695 283 1771 tica
310 1695 376 1767 vix
393 1719 550 1793 usquam
577 1694 643 1767 niti
671 1694 796 1789 debet,
825 1694 891 1768 sed
910 1693 1045 1767 acriter
1063 1692 1395 1794 pervestigandum

213 1828 279 1913 est,
308 1817 476 1890 maiorne
505 1816 737 1915 reliquorum
768 1816 937 1891 codicum
974 1841 1061 1916 pars
1098 1815 1284 1913 aptiorem
1310 1841 1395 1913 sup-

168 1916 186 2020 l
212 1936 355 2039 peditet
400 1938 632 2038 scripturam.
696 1937 794 2010 Nam
835 1950 875 2011 ut
918 1939 992 2011 iam
1036 1936 1241 2010 Merlrelius
1289 1935 1394 2030 dixit,

212 2060 310 2135 liber
336 2058 368 2132 L
395 2061 441 2134 ab
468 2059 620 2134 homine
649 2059 798 2134 videtur
818 2085 898 2134 esse
918 2061 1122 2154 confectus,
1153 2058 1254 2132 cuius
1275 2057 1395 2130 multo

213 2182 332 2280 magis
366 2181 546 2276 interfuit,
579 2193 620 2254 ut
656 2180 849 2255 videretur
882 2182 1102 2276 reddidisse,
1147 2179 1248 2278 quod
1284 2190 1397 2278 poeta

215 2303 372 2402 scripsit,
402 2328 514 2400 quam
542 2315 582 2376 ut
610 2327 700 2376 vere
729 2301 918 2399 redderet,
952 2305 1091 2404 quique
1126 2302 1212 2375 ideo
1242 2328 1263 2374 a
1290 2300 1396 2373 nullo

215 2423 512 2525 interpolationis
549 2449 689 2521 genere
728 2423 968 2504 abhorrebat.
1038 2426 1094 2496 ΕΚ
1134 2424 1254 2497 altera
1291 2433 1398 2522 parte

215 2547 420 2646 scripturae
464 2545 647 2620 librorum
687 2562 707 2621 ς
743 2546 954 2646 permultae
1000 2546 1144 2619 nullam
1184 2545 1400 2642 relinquunt

218 2667 499 2762 dubitationem,
533 2668 621 2765 quin
659 2667 915 2740 emanaverint
951 2693 998 2742 ex
1034 2668 1133 2741 libro
1171 2665 1335 2764 quodam
1364 2678 1400 2738 et

217 2801 404 2865 vetustate
441 2800 478 2862 et
503 2788 579 2863 fide
614 2789 700 2862 satis
738 2789 952 2866 excellenti.
1008 2788 1092 2879 Qua
1125 2788 1172 2862 de
1208 2813 1250 2860 re
1287 2786 1399 2861 etiam

218 2912 305 2987 hinc
331 2923 457 3011 spreta
485 2936 748 3008 nonnunquam
784 2911 872 2984 libri
899 2911 930 2984 L
958 2911 1137 3008 scriptura
1168 2935 1259 2983 vera
1286 2908 1399 2983 lectio

221 3032 404 3109 elicienda
432 3044 488 3105 est
508 3045 621 3131 atque
640 3033 786 3132 saepius
802 3034 968 3131 quidem,
988 3058 1102 3130 quam
1119 3030 1242 3104 adhuc
1259 3030 1400 3103 factum

221 3168 286 3234 est.
315 3155 450 3226 -De
478 3153 675 3227 Fastorum
703 3152 891 3228 codicibus
920 3153 1195 3227 accuratissime
1227 3149 1402 3225 disseruit

220 3280 270 3355 H.
299 3277 413 3351 Peter
441 3274 679 3374 (Programm
697 3272 858 3349 llcissen
878 3272 1005 3374 1877.)
1020 3319 1067 3329 -
1085 3272 1402 3348 Animadvertere

221 3399 312 3473 mihi
338 3397 438 3471 visus
460 3421 574 3492 eram,
594 3408 745 3470 nostrae
762 3399 893 3471 aetatis
915 3399 1076 3471 editores
1098 3393 1403 3469 NicolaiHeinsii

223 3549 306 3598 cum
343 3518 568 3616 plerumque
603 3517 813 3618 ingeniosas
850 3532 929 3592 tum
963 3518 1063 3592 haud
1101 3543 1186 3589 raro
1223 3540 1403 3615 praepro-

222 3669 332 3747 peras
362 3641 591 3715 coniecturas
615 3640 780 3713 nondum
803 3642 971 3715 omnibus
993 3641 1097 3736 locis,
1126 3638 1190 3713 ubi
1212 3638 1291 3711 sine
1309 3636 1405 3709 iusta

224 3789 334 3842 causa
360 3763 565 3863 scripturae
594 3762 818 3862 optimorum
853 3762 1037 3836 librorum
1063 3760 1257 3862 praelatae
1286 3767 1403 3853 erant,

227 3885 391 3962 eiecisse.
446 3886 477 3957 Ε
507 3884 690 3959 contrario
719 3896 844 3958 autem
872 3884 1025 3958 eosdem
1055 3883 1153 3956 viros
1191 3881 1320 3955 doctos
1347 3904 1406 3953 re-

226 4006 480 4083 dueendarum
516 4006 647 4107 optimi
692 4006 868 4104 cuiusque
903 4005 992 4079 libri
1034 4004 1238 4078 lectionum
1283 4000 1405 4076 studio

196 4143 197 4146 ’
228 4130 357 4204 ductos
393 4154 440 4202 ex
479 4128 554 4202 illis
588 4127 912 4229 praestantissimis
948 4126 1066 4221 libris,
1104 4125 1244 4226 quippe
1279 4123 1343 4221 qui
1371 4135 1408 4196 et

225 4251 297 4353 ipsi
323 4252 370 4324 ab
397 4249 747 4353 interpolationibus
776 4249 927 4324 minime
954 4247 1078 4345 alieni,
1118 4247 1179 4321 hic
1205 4245 1284 4319 illic
1311 4244 1408 4354 falsa
1502 4340 1505 4344 ¹

1229 4393 1284 4406 ἦ
1327 4356 1387 4403 f„
