3112 4860
741 261 761 330 9

164 449 256 516 liaris
278 451 445 517 indicativi
466 455 501 519 in
517 455 823 537 interrogationibus
839 476 915 519 usus
931 454 1078 538 exempla
1093 451 1180 536 apud
1194 451 1344 517 Ovidium

165 559 277 621 extant
297 555 388 625 haec.
433 557 511 624 Met.
534 557 573 639 X,
599 562 679 622 637:
711 559 790 641 quid
813 557 891 623 facit
914 559 1085 642 ignorans,
1117 561 1205 621 amat
1227 561 1259 621 et
1282 576 1346 620 non

164 659 263 725 sentit
285 680 438 728 amorem.
462 663 513 726 Ad
535 663 619 727 hunc
635 663 741 727 locum
762 663 936 728 Merkelius
960 662 1111 730 adnotat:
1136 657 1346 742 „manifestus

165 768 322 845 quantum
344 770 434 849 pute,
458 765 679 831 barbarismus
702 771 735 831 et
757 769 825 832 sine
849 767 1011 849 exemplo,
1043 787 1160 850 graeca
1182 770 1346 829 structura

164 887 228 931 non
251 868 339 934 ultra
360 868 395 933 id
417 891 529 952 genus,
554 871 641 952 qnod
664 876 713 936 est
737 893 835 954 supra
858 894 884 934 v.
910 875 971 934 393
997 876 1043 950 ,ut
1065 869 1125 934 sibi
1155 871 1346 947 committat,

164 971 318 1054 quicquid
341 972 439 1039 dolet‘
458 975 508 1039 usi
519 974 669 1039 videntur
682 981 809 1058 poetae,
832 975 887 1040 sed
904 976 937 1038 16
954 975 1184 1058 iterrogatione
1197 972 1347 1037 coniuno-
1453 1062 1455 1067 Ι

163 1077 246 1141 tivos
269 1078 312 1142 sit
334 1084 442 1158 ,esset‘
473 1079 630 1158 retinent,
669 1081 779 1162 itaque
810 1101 1013 1144 correxeram
1043 1076 1130 1161 ,quid
1154 1075 1276 1140 factum
1299 1075 1346 1156 ig·

163 1187 291 1246 666666ι
316 1181 425 1265 qualia
441 1184 592 1266 leguntur
608 1183 647 1263 ΙΙ,
671 1187 744 1250 869.
768 1184 912 1261 111721.
938 1182 991 1262 lv,
1016 1185 1088 1249 330.
1112 1181 1150 1260 V,
1174 1181 1247 1245 520.
1271 1179 1345 1243 573.

166 1283 238 1364 VII,
265 1287 337 1351 566.
362 1286 415 1366 111,
441 1291 470 1352 2.
493 1288 534 1366 Χ,
551 1289 623 1353 552.
648 1292 720 1352 651.
743 1288 890 1367 Χ1,683.
913 1287 1004 1366 XIII,
1027 1290 1100 1352 497.
1123 1285 1191 1364 XV,
1217 1288 1266 1349 68.
1290 1282 1347 1348 sed

163 1390 294 1454 tametsi
324 1390 357 1454 in
398 1391 579 1474 scripturae
612 1392 802 1474 compendio
833 1414 898 1455 una
928 1396 1056 1455 tantum
1085 1391 1198 1454 littera
1228 1386 1346 1464 differt,

163 1490 347 1558 duriuscule
370 1495 404 1558 id
428 1500 461 1559 66
483 1495 589 1579 ipsum
611 1497 724 1561 visum.
747 1496 849 1560 delevi
872 1497 906 1560 in
928 1496 1067 1579 plagulis
1090 1516 1149 1559 nec
1178 1493 1273 1577 plane
1305 1491 1347 1555 ad

160 1595 408 1679 proscribendos
430 1620 540 1692 versus
564 1603 634 1667 636.
659 1602 732 1667 631.
754 1599 967 1668 adducebar.“
981 1600 1188 1664 —Heinsius
1207 1596 1344 1663 coniecit

163 1700 315 1784 ,quidque
345 1709 443 1786 agat‘.
489 1703 638 1769 Ceterum
670 1703 796 1770 codices
831 1705 911 1769 satis
945 1704 1038 1768 multi
1069 1700 1220 1768 exhibent
1250 1698 1347 1783 ,quod

163 1802 263 1886 facit‘,
288 1826 372 1888 qnae
395 1808 491 1872 lectio
514 1830 591 1873 vera
613 1809 750 1876 videtur.
794 1809 975 1873 Pronomen
1006 1807 1111 1890 ‚quod‘
1143 1827 1215 1870 cum
1249 1803 1346 1888 ,quid‘

163 1909 261 1973 etiam
283 1909 324 1991 X,
349 1915 411 1975 372
435 1919 668 1978 commutatum
691 1920 757 1993 est,
788 1912 843 1977 ubi
867 1913 1019 1977 Heinsius
1042 1912 1084 1977 ad
1107 1911 1203 1975 fidem
1226 1909 1346 1975 codicis

161 2013 291 2078 Iuniani
326 2036 497 2098 perperam
532 2017 634 2082 edidit
670 2016 767 2099 ,quod
790 2023 883 2100 agat,
917 2038 981 2081 non
1011 2017 1142 2081 invenit‘
1165 2036 1225 2099 pro
1259 2011 1347 2097 ,quid

162 2122 248 2201 agat‘
270 2114 441 2185 meliorum
463 2120 631 2188 librorum.
675 2123 776 2186 Porro
800 2122 909 2187 videas
932 2122 1010 2186 Her.
1033 2121 1074 2199 X,
1098 2121 1158 2186 86:
1190 2120 1262 2202 quis
1285 2118 1347 2182 6616

55 2227 62 2236 ’
161 2243 203 2287 66
225 2222 306 2288 haec
329 2245 440 2289 saevas
463 2226 599 2308 tigridas
622 2225 728 2290 insula
750 2225 870 2294 habet!
894 2248 957 2310 quo
987 2227 1059 2291 loco
1082 2225 1257 2290 indicativo
1282 2244 1346 2288 non

164 2326 258 2391 valde
281 2326 481 2408 offendimur,
504 2330 580 2411 quia
603 2329 701 2394 verba
724 2332 806 2412 ,quis
829 2332 890 2395 scit
914 2336 966 2394 66ί
989 2352 1048 2413 pro
1073 2330 1231 2409 ,fortasse‘
1255 2327 1345 2392 dicta

166 2431 200 2495 in
222 2430 393 2497 formulam
416 2432 574 2499 abierunt.
600 2473 640 2483 -
664 2434 752 2499 Idem
776 2434 946 2499 dicendum
968 2441 1017 2499 est
1040 2434 1079 2498 de
1102 2434 1178 2497 Her.
1200 2432 1271 2512 XII,
1297 2435 1346 2509 71,

165 2533 221 2600 ubi
248 2535 372 2600 codices
403 2537 437 2601 P.
469 2557 497 2615 ς.
534 2537 685 2602 exhibent
721 2540 836 2617 ,nescio
871 2547 940 2618 an‘,
975 2539 1030 2602 alii
1062 2535 1175 2616 ,noscis
1211 2536 1263 2600 an‘
1297 2535 1347 2600 vel

52 2675 54 2680 ·
166 2638 293 2720 ,nostin’
330 2645 398 2723 an‘3
444 2662 554 2706 omnes
586 2642 712 2707 codices
748 2642 868 2707 habent
912 2643 1119 2722 ,exciderunt
1157 2643 1190 2705 in
1236 2640 1348 2706 eodem

165 2764 279 2825 versu,
314 2751 471 2828 quantum
505 2747 635 2828 quidem
669 2748 746 2814 scio.
799 2746 848 2810 lbi
881 2747 976 2810 velim
1023 2747 1214 2810 restituatur
1251 2745 1347 2809 lectio

166 2848 286 2914 codicis
331 2851 444 2934 optimi
478 2852 512 2918 P.
549 2851 703 2936 (Parisini
749 2854 833 2915 8242
875 2851 996 2916 saeculi
1031 2851 1089 2936 Ill)
1133 2850 1251 2929 ,nescio
1286 2855 1347 2914 an‘.

165 2952 351 3035 Legendum
373 2954 475 3036 igitur
499 2975 627 3019 censeo:
663 2955 779 3034 ,nescio
810 2976 851 3019 an
885 2953 1073 3019 exciderunt
1102 2975 1226 3018 mecum
1255 2953 1347 3032 loca‘,

165 3077 230 3122 non
253 3056 461 3138 ,excide1·int‘,
485 3059 572 3141 quod
595 3060 721 3124 Riesius
744 3059 896 3142 proponit
920 3060 953 3122 in
986 3058 1193 3122 adnotatione
1224 3058 1347 3137 critica,

165 3181 241 3225 nam
264 3161 459 3226 indicativus
481 3162 664 3227 defenditur
687 3163 757 3227 loco
780 3162 914 3226 laudato
936 3161 1013 3226 Her.
1036 3161 1078 3241 Χ,
1103 3166 1154 3225 86.
1200 3160 1347 3240 Accedit,

168 3264 254 3346 quod
304 3265 399 3330 lectio
443 3267 561 3345 ,nescio
603 3274 654 3331 66ι
692 3267 870 3331 6666666166
914 3266 976 3330 1661
1015 3267 1118 3348 magis
1163 3265 1348 3350 respondet,

166 3389 264 3451 qnam
292 3369 504 3452 interrogatio
535 3372 651 3450 ,666616
681 3372 755 3436 661ι
790 3370 917 3450 ,nostin'
952 3372 1027 3437 661ι
1052 3371 1101 3435 vel
1125 3372 1239 3450 ,scisne
1262 3371 1347 3452 ani‘,

166 3472 253 3556 quod
275 3472 403 3538 Riesius
433 3475 570 3558 scripsit.
616 3473 667 3539 Ad
697 3477 760 3539 vim
786 3474 957 3540 verborum
988 3476 1071 3540 enim
1108 3475 1241 3540 Medeae
1277 3496 1349 3558 gra-

166 3579 250 3644 viter
284 3578 392 3642 laesae
428 3584 470 3643 et·
494 3577 706 3643 exacerbatae
736 3580 866 3643 minime
890 3579 1134 3644 accomodatum
1160 3584 1225 3660 666,
1250 3600 1349 3662 quae·

71 3737 72 3741 ,
165 3701 237 3746 rere
252 3702 292 3745 ex
306 3682 431 3762 Iasone,
448 3683 580 3758 sciatne,
606 3682 746 3765 quomod
767 3684 832 3747 ista
855 3684 926 3748 loca
949 3705 983 3748 66
1005 3683 1153 3763 habeant,
1177 3684 1209 3747 in
1233 3681 1349 3766 quibus

165 3785 294 3851 blandis
315 3786 481 3869 promissis
505 3808 575 3851 eam
606 3787 742 3870 decepit.
789 3787 964 3871 Eleganter
989 3794 1096 3852 autem
1122 3786 1201 3852 dicit
1223 3787 1347 3867 Medea,

165 3882 305 3956 fortasse
342 3912 380 3956 66
416 3891 488 3968 1666
528 3912 630 3974 aeque
668 3899 765 3975 atque
803 3914 836 3957 se
875 3893 979 3976 ipsam
1016 3893 1190 3958 memoriae
1224 3893 1348 3958 Iasonis

166 3993 331 4060 excidisse.
374 3996 435 4060 His
473 3996 572 4079 igitur
611 3996 691 4061 locis
735 3995 928 4061 indicativus
972 3997 1005 4061 in
1042 3995 1349 4079 interrogationibus

166 4098 325 4164 admissus
365 4104 425 4166 est.
470 4099 517 4164 Εο
552 4106 661 4165 autern
697 4101 789 4179 loco,
827 4099 866 4166 de
902 4121 965 4184 quo
1000 4099 1172 4166 tractando
1207 4100 1349 4167 declina-

166 4205 269 4270 vimus
300 4225 351 4269 res
385 4205 480 4269 aliter
508 4210 697 4289 comparata
732 4210 791 4272 est.
835 4204 951 4271 Verbis
985 4206 1087 4286 enim,
1126 4226 1208 4289 quae
1238 4206 1350 4290 legun·

167 4311 220 4372 tur
242 4308 353 4391 ,quis‘,
386 4309 511 4391 inquit,
549 4309 614 4390 ,ille
636 4309 763 4374 locus?‘
793 4309 969 4395 ,digitoque
1000 4311 1152 4376 ostendIt‘
1176 4316 1209 4376 et
1230 4311 1348 4391 ,insula
