3112 4860
543 1497 624 1578 blei.
652 1498 673 1578 l.
701 1498 935 1580 403-4116.

337 1670 419 1738 ,Mora
438 1669 484 1723 ubi
503 1655 654 1739 creverunt,
673 1675 824 1741 naturaque
845 1671 935 1727 mitior
958 1671 1012 1726 illis

337 1756 458 1825 contigit,
475 1762 505 1810 ut
518 1755 656 1826 quaedam,
674 1757 713 1810 sie
730 1773 785 1812 nou
803 1760 954 1828 manifeste,
975 1760 1062 1814 videri

339 1843 424 1897 formu
446 1847 537 1913 potest
560 1842 692 1912 hominis,
711 1844 759 1898 sed
782 1845 822 1899 uti
841 1845 875 1900 de
892 1862 1024 1902 marmore
1043 1851 1179 1917 coepto,

338 1945 393 1984 uon
418 1936 512 1985 exacta
538 1931 604 1985 satis
628 1930 794 2002 rudibusque
819 1932 952 1987 simillima
973 1933 1075 2002 signis‘

251 2105 296 2171 M.
321 2110 444 2188 ,cepti
476 2126 517 2173 m.
550 2109 696 2189 ,coepta‘,
728 2105 815 2189 quod
845 2107 944 2170 etiam
966 2107 1003 2175 L.
1026 2125 1056 2185 ς.
1086 2106 1216 2188 babent,
1249 2128 1332 2171 unus

149 2213 295 2293 ,eoept0‘‚
333 2208 420 2292 quod
457 2231 521 2293 qua
551 2209 591 2274 de
621 2231 656 2274 re
686 2210 839 2275 Heinsius
868 2215 1036 2294 praestare
1071 2210 1249 2276 arbitratus
1280 2210 1332 2290 sit,

148 2312 256 2378 neseio
286 2334 345 2378 neu
374 2313 538 2397 intellego.
583 2313 667 2378 Nam
696 2313 765 2397 ipse
796 2335 861 2379 non
891 2316 1049 2398 exposuit,
1080 2336 1138 2379 nee
1169 2316 1202 2379 in
1227 2314 1334 2378 Ovidii

149 2417 279 2501 seriptis
303 2417 344 2482 de
366 2439 526 2483 marmore
557 2418 607 2482 vel
636 2417 798 2502 lapidibus
829 2419 950 2503 coeptis
980 2440 1116 2503 usquam
1146 2439 1250 2484 sermo
1274 2422 1334 2484 est.
1405 2446 1407 2450 ’

147 2522 268 2587 Verum
309 2523 419 2588 videas
452 2545 482 2591 v.
515 2523 578 2586 425
609 2543 698 2607 sqq.:
749 2523 906 2602 ,Plurima
948 2525 1088 2590 cultores
1126 2524 1226 2589 versis
1264 2522 1334 2587 ani·

148 2626 247 2691 malia
280 2626 383 2710 glebis
416 2626 588 2692 Inveniunt
618 2632 651 2692 et
680 2628 714 2691 in
735 2627 786 2692 his
808 2627 969 2712 quaedam
990 2627 1086 2693 modo
1110 2632 1225 2710 coepta
1246 2676 1254 2693 .
1278 2675 1288 2694 .
1313 2631 1333 2692 .‘

150 2736 182 2794 et
212 2751 295 2813 quas
326 2736 517 2814 sequuntur.
569 2731 744 2797 Merkelius
773 2753 858 2796 nune
887 2731 1002 2797 babet:
1028 2731 1105 2814 „sed
1133 2732 1183 2796 uti
1214 2735 1263 2794 est
1293 2729 1334 2794 de

149 2855 310 2900 marmore
332 2837 486 2919 coeptis“‚
510 2856 608 2919 quam
624 2836 843 2901 coniecturam
858 2839 896 2899 ut
913 2832 1123 2914 commendet,
1139 2832 1219 2899 haee
1236 2833 1334 2899 verba

149 2937 244 3003 fauit:
272 2944 365 3019 „,est‘
390 2940 459 3003 siue
480 2938 572 3003 libris
595 2939 716 3004 inserui
740 2939 882 3017 331333,
913 2960 976 3022 quo
1000 2943 1051 3004 est
1072 2939 1106 3003 iu
1127 2959 1222 3003 versu
1243 2938 1334 3020 XIII,

153 3047 224 3111 135.
246 3048 376 3127 poterat
398 3043 512 3109 abesse
533 3043 595 3108 hoe
617 3043 697 3124 loeo,
720 3044 748 3109 si
763 3050 799 3109 ut
815 3044 848 3108 in
863 3044 920 3109 illo
936 3044 986 3109 vel
1002 3043 1060 3124 ΙΙΙ,
1080 3047 1150 3124 178,
1174 3043 1243 3125 XV,
1262 3044 1333 3124 170,

150 3148 272 3214 nudum
293 3147 519 3233 praedicatum
542 3153 644 3213 esset:
683 3147 740 3213 sed
770 3149 915 3214 iunctum
948 3154 997 3213 est
1019 3147 1128 3213 dativo
1150 3149 1333 3231 possessivo

151 3253 293 3337 ‚signis‘3
314 3252 356 3318 ab
379 3252 539 3318 adieetivo
562 3252 747 3334 ,simillima‘
773 3274 837 3318 non
862 3252 925 3333 hie,
954 3251 1011 3317 sed
1032 3251 1186 3333 ,rudibus‘
1205 3251 1334 3336 pendet.

151 3356 254 3434 Quam
285 3356 325 3422 ob
355 3378 424 3422 rem
454 3377 602 3422 rasuram
624 3356 659 3422 in
688 3357 732 3424 M.
754 3362 857 3441 ,cept
875 3361 894 3423 .‘
918 3377 983 3422 uun
1006 3356 1152 3439 supplevi
1174 3357 1336 3440 scriptura

151 3461 291 3527 aliorum
312 3461 479 3543 librorum,
501 3483 599 3545 quam
621 3483 736 3527 manus
760 3462 902 3526 secunda
923 3461 957 3525 in
979 3461 1072 3525 illum
1094 3461 1215 3541 intulit,
1240 3480 1334 3524 eraso

151 3565 284 3646 seilicet,
301 3565 388 3648 quod
402 3565 516 3631 leviori
531 3587 630 3649 opera
640 3567 763 3650 ‘corrigi
780 3569 990 3648 3331131331.α
1023 3564 1183 3648 Equidem
1201 3562 1334 3629 verbum

153 3673 223 3750 ‚est‘
245 3669 377 3734 minime
400 3669 557 3750 desidero,
583 3670 609 3734 31
632 3670 769 3753 legimus
792 3668 834 3734 ad
856 3668 953 3733 fidem
976 3690 1017 3734 m.
1033 3669 1069 3732 L.
1086 3687 1132 3748 ς.;
1160 3673 1215 3749 „ut
1239 3689 1336 3752 quae-

156 3772 248 3855 „dam
271 3772 317 3838 sie
339 3795 404 3839 uon
425 3772 598 3839 manifesta
620 3773 724 3839 videri
745 3773 849 3840 forma
868 3779 977 3857 potest
991 3773 1142 3853 hominis,
1158 3772 1216 3837 sed
1231 3773 1280 3836 uti
1295 3771 1336 3836 de

156 3898 334 3958 „marmore
356 3882 482 3961 coepta,
504 3897 569 3942 non
588 3881 702 3942 exacta
718 3877 797 3941 satis
813 3875 1012 3959 rudibusque
1028 3875 1192 3940 simillima
1204 3875 1332 3958 signis.“

151 3981 246 4047 Hane
268 3981 369 4065 igitur
387 3979 544 4045 habemus
572 3984 785 4045 structuram:
823 3979 868 4045 Ut
891 3979 1050 4063 quaedam
1072 3977 1210 4043 bominis
1233 3978 1337 4044 forma

152 4085 255 4152 videri
275 4089 385 4169 potest
413 4085 459 4149 313
482 4082 633 4172 (tamen)
655 4103 721 4148 non
746 4080 927 4163 manifesta,
958 4080 1015 4146 sed
1044 4082 1092 4146 uti
1115 4081 1155 4146 de
1175 4102 1336 4147 marmore

154 4194 279 4276 coepta,
301 4210 367 4256 nou
389 4188 472 4256 satis
493 4193 609 4254 exacta
630 4185 830 4270 rudibusque
852 4187 954 4270 siguis
976 4185 1151 4253 simillima.

1103 4293 1119 4354 1
