3112 4860
781 297 805 360 4

689 388 894 396 ——-—.—--

202 481 387 565 imperitam
410 505 541 550 manum
563 486 673 569 prodit
695 509 755 554 nec
775 493 851 572 post
874 488 1007 570 ,laevam
1023 493 1107 572 pcte‘
1124 489 1266 554 omnium
1279 487 1383 552 locum

199 584 328 653 habet.“
344 623 384 633 -
399 587 458 652 Oui
481 589 630 672 equidem
653 612 717 657 non
741 594 910 671 assentior.
935 593 1056 670 ,Tenet‘
1090 595 1125 658 in
1148 592 1273 658 duobus
1297 592 1384 657 codi-

200 688 291 754 cibus
315 698 466 776 corrupte
488 715 547 777 pro
572 696 684 776 ,timet‘
718 697 874 780 scriptum
898 719 977 778 esse,
1016 719 1081 763 non
1110 698 1292 763 inauditum
1324 703 1382 764 est.

195 792 308 877 Neque
332 801 459 861 ceterae
482 819 608 880 causae,
632 822 711 884 quas
735 799 829 866 affert
852 801 1037 882 Merkelim,
1061 808 1148 867 stare
1170 807 1317 886 possunt.

307 901 390 965 Nam
413 903 446 966 in
468 902 632 970 locutione
662 911 753 983 ‚nutu
785 905 955 990 significat‘
988 908 1116 972 minime
1147 906 1292 972 abundat
1322 927 1382 971 vox

205 1009 308 1085 nutu‘,
339 1026 404 1088 qua
426 1008 540 1073 modus
564 1007 767 1092 significandi
799 1012 991 1095 exprimitur
1020 1032 1123 1095 aeque
1154 1016 1252 1094 atque
1275 1010 1381 1075 verbis

194 1130 261 1193 ‚per
293 1115 439 1194 gestum‘.
482 1112 579 1180 Trist.
603 1114 641 1195 V,
667 1119 717 1195 10,
745 1119 803 1180 36;
843 1137 910 1200 ‚per
941 1121 1066 1199 gestum
1096 1137 1149 1180 res
1183 1120 1232 1180 est
1262 1113 1382 1198 signifi
1433 1119 1435 1122 ’

193 1215 296 1279 canda
318 1215 405 1280 mihi‘
438 1216 527 1287 Caes.
556 1217 587 1285 b.
611 1219 669 1289 civ.
690 1221 718 1286 Ι.
748 1223 806 1284 86;
831 1240 918 1300 ,voce
941 1224 974 1284 et
1002 1217 1151 1283 manibus
1181 1216 1381 1302 significare.⁴

192 1317 339 1402 Denique
376 1321 475 1386 verba
504 1344 591 1406 ‚pars
627 1325 778 1390 maxima‘
810 1325 992 1408 suspicione
1021 1328 1148 1404 vacant,
1183 1323 1210 1388 si
1243 1321 1379 1405 legimus

192 1444 260 1506 ‚pro
283 1444 317 1488 se
340 1425 478 1508 quisque
499 1427 612 1492 timet‘.
658 1427 751 1505 Quod
774 1433 853 1512 ,pro‘
876 1429 911 1492 in
934 1426 1082 1492 omnibus
1104 1425 1172 1492 fere
1187 1433 1319 1511 praeter
1335 1427 1379 1492 M.

192 1527 356 1593 codicibus
379 1530 413 1593 in
437 1539 516 1613 ‚per‘
548 1537 709 1596 mutatum
745 1537 806 1609 est,
837 1532 980 1616 aliquam
1011 1537 1119 1597 movet
1153 1533 1379 1616 suspicionem.

192 1631 256 1698 Sed
277 1633 447 1716 permultis
470 1633 551 1700 locis
574 1636 608 1700 in
631 1635 742 1701 codice
766 1636 808 1703 M.
833 1636 901 1702 solo
931 1658 1007 1702 vera
1038 1636 1135 1701 lectio
1167 1641 1295 1701 servata
1329 1641 1378 1701 est

191 1742 223 1802 et
245 1740 457 1803 commutatio
479 1741 759 1823 praepositionum
783 1746 862 1824 ‚pro‘
888 1746 920 1806 et
951 1745 1028 1825 ‚per‘
1061 1738 1174 1805 crebro
1205 1741 1376 1805 invenitur.

294 1842 341 1906 De
363 1842 526 1908 locutione
550 1845 675 1924 ,timere
704 1866 763 1929 pro
794 1844 913 1928 aliquo‘
944 1844 1016 1909 vide
1039 1845 1097 1925 IX,
1130 1847 1209 1908 241:
1230 1845 1377 1924 ,timuere

190 1947 242 2012 dei
264 1968 323 2031 pro
346 1948 471 2012 vindice
494 1953 621 2016 terrae‘
665 1949 782 2014 Restat
797 1954 834 2014 ut
849 1970 975 2014 versum
993 1954 1055 2013 642
1072 1950 1256 2014 universum
1273 1949 1375 2014 bonae

189 2053 368 2118 sententiae
393 2073 462 2117 esse
486 2051 701 2136 comprobem.
732 2053 854 2137 Negari
877 2075 941 2119 non
962 2058 1081 2138 potest,
1106 2074 1178 2118 cum
1201 2053 1290 2118 salva
1306 2074 1376 2118 sen-

188 2158 292 2222 tentia
316 2157 425 2221 deesse
447 2177 554 2240 posse.
600 2157 663 2222 Sed
686 2177 724 2222 ea
748 2158 787 2222 de
810 2179 846 2222 re
868 2165 945 2242 apte
956 2157 1088 2222 additus
1101 2163 1160 2244 est,
1176 2159 1253 2241 quia
1267 2156 1374 2222 verbis

189 2284 257 2347 ,pro
279 2263 466 2345 aequisque
489 2262 598 2330 timet!
624 2261 749 2326 laevam
778 2262 881 2345 petel,
912 2263 1127 2346 suspicionem
1148 2260 1376 2346 praeveniebat

186 2372 293 2451 poeta,
309 2388 392 2450 quae
409 2367 487 2431 oriri
510 2366 621 2432 debuit
643 2367 678 2430 in
701 2367 807 2431 animo
831 2365 892 2447 dei,
925 2387 997 2430 cum
1028 2367 1170 2431 incertae
1193 2365 1373 2430 sententiae
1420 2388 1423 2396 ·

188 2470 297 2551 uerba,
315 2470 394 2554 quid
408 2470 489 2535 facis
505 2491 523 2534 o
540 2470 695 2535 demens?
718 2471 792 2553 quis
809 2476 842 2536 te
854 2470 969 2535 furor?
983 2523 992 2540 .
1005 2521 1012 2534 .
1025 2476 1042 2540 .‘
1058 2469 1186 2535 audiret
1201 2469 1372 2552 vultusque

187 2577 328 2641 omnium
350 2581 524 2640 nautarum
547 2580 700 2640 nutantes
722 2576 882 2640 minantes
913 2568 947 2639 in
969 2577 1113 2639 Acoeten
1144 2573 1269 2638 videret
1299 2594 1372 2638 con-

186 2702 308 2746 versos.
331 2679 446 2745 Verbis
467 2680 568 2763 igitur
599 2701 667 2763 ,pro
690 2700 724 2744 se
747 2681 883 2763 quisque
912 2681 1013 2744 timet‘
1045 2677 1177 2743 simulat
1207 2677 1371 2761 Opheltes,

187 2806 226 2850 ea
249 2786 288 2849 de
304 2805 339 2849 re
355 2805 464 2848 omnes
486 2791 604 2849 nautas
628 2789 710 2848 nutu
733 2785 826 2867 signa
848 2783 936 2864 dare,
960 2783 1056 2867 quod,
1086 2785 1113 2848 si
1134 2785 1272 2848 Acoetes
1298 2802 1371 2865 per-

186 2894 286 2973 geret,
318 2888 572 2972 gubernaculum
600 2891 634 2953 in
657 2888 823 2954 dexteram
845 2894 972 2973 partem
995 2888 1144 2972 dirigere,
1172 2909 1232 2972 pro
1253 2887 1370 2952 itinere

186 2994 353 3078 saluteque
375 2994 537 3061 timerent.

570 3218 650 3299 uer.
679 3217 728 3319 ιν,
754 3219 982 3300 ser-ssa

410 3375 448 3446 ‚Si
465 3337 556 3431 tamen
574 3375 603 3429 in
621 3375 677 3430 dio
695 3375 829 3445 quondam
847 3379 972 3431 concreta
989 3374 1125 3445 profundo

415 3478 510 3533 spuma
526 3461 575 3530 fui,
592 3461 754 3532 Graiumque
771 3468 863 3518 manet
880 3462 947 3517 mihi
963 3476 1062 3517 nomen
1079 3462 1113 3518 ab
1131 3460 1196 3518 illa!

291 3623 335 3690 M.
353 3622 396 3702 ‚in
411 3620 474 3686 dio‘
507 3621 543 3688 L.
562 3640 604 3686 m.
626 3640 655 3698 ς.
680 3621 723 3700 ,in
745 3620 872 3688 medio‘.
893 3619 1096 3704 Scripturam
1120 3619 1164 3698 ,in
1179 3617 1264 3697 dio‘,
1282 3637 1365 3700 quae

184 3727 264 3793 mihi
286 3726 403 3791 mutila
423 3724 561 3804 videtur,
584 3725 738 3789 Heinsius
761 3724 943 3808 elegantiae
965 3745 1063 3789 causa
1078 3723 1201 3805 recepit
1215 3741 1363 3805 praeser-

182 3833 242 3897 tim
259 3831 337 3915 quia
353 3828 439 3914 apud
454 3828 633 3894 Varronem
649 3829 769 3912 legitur
792 3829 891 3909 ,dium
906 3833 1016 3905 mare‘,
1040 3826 1121 3891 illud
1144 3825 1363 3904 Homericum,

181 3942 214 4001 et
236 3934 324 4019 apud
346 3933 532 3998 Lucretium
555 3933 684 4000 similia.
708 3933 860 3999 Heinsius
892 3935 990 3999 etiam
1019 3931 1046 3996 F
1048 3935 1109 3998 ast.
1133 3930 1181 4009 ΙΙ,
1213 3932 1275 3993 598
1305 3949 1364 4011 pro

181 4039 253 4119 ,Ilia
275 4037 358 4102 diva‘
382 4037 497 4102 maluit
520 4037 592 4118 ,Ilia
608 4036 671 4102 dia‘
696 4042 810 4101 contra
834 4035 991 4102 librorum
1017 4035 1124 4102 fidem.
1170 4034 1255 4112 Nos,
1286 4033 1365 4116 quid

181 4141 314 4207 Ovidius
337 4141 519 4225 scripserit,
549 4163 589 4206 ex
619 4140 719 4206 solius
750 4140 856 4206 Ovidii
887 4140 1015 4206 dicendi
1046 4161 1106 4207 usu
1130 4137 1362 4218 concludimus²

180 4252 268 4313 certe
291 4245 421 4330 quidem
443 4245 505 4311 hoc
527 4245 609 4314 loco,
654 4245 715 4323 Qui
738 4266 898 4330 nusquam
928 4244 1007 4310 alibi
1028 4245 1132 4310 utitur
1152 4264 1228 4309 voce
1252 4242 1362 4323 ,dius‘;

179 4371 196 4419 c
222 4351 386 4416 contrario
409 4370 520 4416 uocem
544 4351 688 4433 ,medius‘
719 4352 852 4439 iungere
873 4349 957 4416 solet
986 4371 1059 4416 cum
1086 4347 1251 4416 uocabulis
1275 4369 1364 4431 ,pon-
