3112 4860
750 266 789 327 15

672 353 878 362 ..ω-ψ*

571 455 651 536 Mel.
679 454 753 556 ΧΙΙΙ,
777 454 985 536 aro-372.

387 611 433 678 ,At
451 626 499 666 vos
518 627 534 667 o
552 625 686 681 proceres,
704 610 781 679 vigili
800 610 861 665 date
879 611 999 680 praemia
1016 618 1115 680 vestro,

388 713 492 768 proque
510 703 551 753 tot
569 714 701 753 annorum
720 713 813 765 cura,
832 698 955 768 quibus
974 699 1070 754 anxius
1089 699 1141 768 egi,

387 785 460 840 hunc
476 785 582 841 titulum
600 785 701 839 meritis
718 784 887 855 pensandum
910 784 1015 840 reddite
1042 786 1159 841 nostris.‘

284 960 328 1025 M.
357 981 446 1040 ,cura
469 959 605 1043 quibus‘,
636 979 665 1038 ς.
687 960 807 1045 partim
838 980 927 1041 ,cura
957 957 1095 1042 quibus‘,
1126 962 1246 1045 partim
1268 963 1366 1042 ,curis

180 1069 281 1146 quos‘,
314 1065 434 1148 partim
466 1065 562 1145 ‚curis
593 1071 694 1148 quas‘·
755 1065 878 1148 ‚Agere‘
918 1083 977 1127 noo
1010 1062 1099 1146 apud
1129 1064 1277 1129 Ovidium
1308 1088 1367 1131 nco

181 1166 269 1249 apud
303 1168 384 1232 alios
422 1174 536 1251 poetas
575 1165 737 1251 significat
768 1167 853 1231 idem
891 1165 978 1250 quod
1013 1166 1159 1250 degere,
1196 1170 1367 1235 vernacule

182 1270 264 1353 ,Zeit
286 1270 496 1355 verbringen‘.
552 1271 685 1337 Ovidius
716 1293 787 1335 cum
819 1271 879 1335 hoc
916 1269 1014 1334 verbo
1045 1271 1204 1337 obiectum
1236 1274 1367 1357 iungere

182 1376 275 1451 solet,
298 1377 360 1440 nisi
383 1375 470 1459 quod
494 1376 685 1460 gerundium
707 1375 854 1440 absolute
878 1373 1020 1442 adhibet.
1043 1373 1132 1440 velut
1153 1376 1231 1442 Met.
1258 1381 1318 1441 198
1335 1383 1368 1443 et

185 1483 263 1559 1993
285 1480 375 1559 XIII,
400 1481 478 1559 1203
502 1481 589 1545 Fast.
608 1479 634 1560 Ι,
653 1484 730 1559 169;
755 1486 875 1543 etcum
896 1477 1023 1543 obiecto
1035 1479 1123 1544 velut
1136 1480 1214 1547 Met.
1228 1480 1366 1564 VI,6ll‚

183 1582 237 1647 ubi
262 1605 333 1649 cum
357 1583 427 1650 ML.
452 1583 656 1648 scribendum
679 1583 837 1666 putabam
861 1583 933 1662 ,hoo
955 1583 1114 1665 agendum
1140 1592 1198 1649 est·
1222 1607 1281 1669 pro
1305 1585 1368 1667 ,hic

184 1687 342 1770 agendum
366 1690 433 1767 est‘,
458 1686 545 1770 quod
567 1709 652 1752 nunc
676 1688 867 1752 Merkclium
884 1686 1024 1751 scribere
1040 1686 1117 1757 vidi.
1142 1689 1243 1773 Saepe
1256 1694 1367 1755 autem

183 1791 261 1856 dicit
283 1798 380 1876 poeta
405 1813 515 1873 ,annos
538 1799 643 1876 agere‘
661 1793 749 1856 velut
766 1792 841 1858 Met.
861 1791 949 1871 VIII,
965 1795 1044 1871 7083
1069 1791 1123 1871 lv,
1139 1794 1191 1860 48.
1214 1793 1312 1860 Trist.
1328 1794 1366 1876 V,

185 1899 213 1976 5,
237 1898 290 1964 26.
337 1895 398 1962 Sed
422 1896 813 1982 scriptu1·a,curisquas‘
838 1917 909 1960 cum
940 1894 1087 1979 pluribus
1116 1902 1149 1960 et
1180 1896 1368 1963 melioribus

184 2001 347 2066 codicibus
370 2000 560 2065 exhibeatur
583 2001 760 2082 meliusque
783 2000 825 2063 ad
848 2001 1040 2064 sententiam
1064 2001 1213 2083 quadret,
1243 2002 1368 2086 praefe-

183 2104 283 2170 renda
315 2112 372 2170 est.
425 2106 527 2170 Poeta
557 2106 642 2170 onim
673 2104 869 2168 enumeratis
900 2103 1005 2168 Ulixis
1035 2103 1074 2168 de
1104 2126 1140 2169 re
1169 2105 1367 2171 Graecorum

182 2211 319 2290 meritis,
357 2210 438 2274 haec
472 2209 589 2273 merita
620 2209 786 2291 aptissime
816 2229 911 2272 curas
941 2208 1128 2274 denominat
1160 2215 1192 2274 et
1216 2231 1366 2275 curarum

184 2315 312 2378 nomine
336 2314 437 2381 effert.
483 2313 612 2378 Etenim
634 2334 673 2377 ea
693 2314 810 2377 merita
832 2315 965 2397 propria
996 2333 1054 2377 sua
1085 2320 1203 2380 natura
1234 2315 1368 2381 consilia

98 2415 101 2420 ’
183 2419 385 2501 potissimum
409 2424 502 2483 eraut
524 2423 621 2481 cauta
643 2421 741 2500 atque
764 2416 908 2501 provida,
944 2438 1026 2500 quae
1058 2417 1113 2483 diu
1145 2418 1283 2484 callidus
1313 2421 1367 2485 ille

183 2522 232 2586 vir
254 2522 363 2587 animo
385 2521 538 2588 volverat.
586 2520 706 2586 Similis
729 2521 900 2586 locutionis
923 2521 1070 2605 exempla
1091 2521 1190 2588 habes
1215 2523 1289 2592 Met.
1312 2524 1367 2605 IX,

186 2631 264 2690 107:
290 2647 411 2708 ,curam
434 2647 494 2710 pro
511 2627 646 2708 coniuge
668 2630 838 2708 agentem‘.
863 2626 960 2691 Trist.
984 2625 1021 2704 V,
1047 2628 1076 2691 7.
1093 2629 1151 2690 38;
1177 2648 1298 2707 ,curam
1320 2628 1369 2692 fu-

183 2733 250 2795 turi
271 2731 410 2796 nominis
433 2736 515 2814 ago‘.
561 2730 680 2794 Videas
712 2730 810 2795 etiam
834 2730 912 2798 Met.
934 2729 1007 2812 XII,
1032 2735 1112 2794 539:
1152 2730 1280 2813 ,oblivia
1309 2732 1369 2798 tibi

185 2840 259 2900 acta
282 2856 352 2900 esse
375 2835 556 2901 Herculeae
579 2835 707 2903 laudia‘
752 2835 778 2916 Ι,
803 2839 880 2899 349;
914 2841 958 2914 ,et
981 2834 1144 2900 desolatas
1174 2857 1270 2919 agere
1300 2837 1369 2902 alta

184 2939 312 3005 silentia
349 2944 465 3005 terras‘
531 2941 737 3005 Burmannus
775 2960 903 3023 quoque
933 2939 1063 3022 scripsit
1102 2961 1207 3020 ,curas
1230 2939 1367 3023 quibus‘,

183 3043 335 3125 laudatis,
365 3066 449 3129 quae
479 3046 587 3126 attuli,
619 3044 774 3127 exemplis
805 3043 883 3108 Met.
907 3043 961 3123 IX,
988 3047 1047 3106 107
1059 3064 1066 3123 ;
1089 3043 1187 3109 Trist.
1210 3043 1248 3124 V,
1273 3050 1302 3113 7.
1325 3046 1367 3110 38

182 3148 393 3234 pluribusque
424 3171 464 3215 ex
495 3150 569 3214 aliis
603 3148 815 3232 scriptoribus
846 3148 969 3231 petitis.
1022 3146 1203 3212 Verisimile
1233 3147 1369 3227 videtur,

183 3252 244 3319 hoc
267 3253 350 3335 loco,
373 3260 411 3319 ut
434 3276 499 3320 non
520 3254 633 3338 paucis
666 3253 913 3318 novissimorum
938 3251 1241 3335 Metamorphoseon
1270 3252 1368 3319 libro·

183 3378 256 3422 rum
285 3359 479 3443 scripturam
501 3357 658 3423 librorum
681 3376 710 3437 ς.
732 3357 944 3442 plurimorum
966 3356 1098 3423 lectioni
1122 3356 1165 3428 ll.
1187 3355 1370 3440 praeferen-

184 3463 258 3528 dam
281 3483 362 3531 esse·

571 3679 651 3763 uer.
679 3680 754 3784 ιιιι,
781 3678 979 3810 aot-soz.

389 3853 473 3922 ,Dixit
490 3859 518 3909 ct
534 3855 563 3908 in
580 3861 674 3926 pectus
691 3859 748 3910 turn
766 3854 872 3909 demum
888 3852 1001 3909 vulnera
1018 3867 1127 3924 passum

392 3957 445 4010 qua
473 3942 561 4013 patuit
590 3939 728 4011 ferrum,
757 3941 865 3996 letalem
895 3939 1014 3996 condidit
1036 3938 1144 3997 ensem‘

224 4085 226 4089 ι
288 4116 331 4186 Μ.
353 4118 513 4201 paucique
536 4138 611 4200 ,qua
625 4119 735 4201 patuit
749 4116 889 4198 femum‘,
912 4114 1045 4200 plurimi
1061 4134 1135 4197 ,qua
1152 4114 1260 4199 patuit
1271 4114 1367 4181 ferro‘

187 4221 297 4288 Sermo
322 4227 354 4287 et
378 4220 417 4287 de
442 4222 549 4302 Aiace,
581 4222 636 4305 qui
657 4226 733 4305 post
755 4221 1002 4305 ignominiosam
1023 4218 1113 4285 illam
1135 4218 1299 4304 repulsam
1321 4218 1370 4285 la-

186 4332 254 4392 tam
282 4329 317 4391 iu
353 4325 498 4412 gladium
534 4347 569 4392 se
598 4326 836 4412 praecipitarit.
888 4324 1036 4390 Letalem
1065 4324 1175 4409 igitur,
1206 4328 1242 4388 ut
1270 4328 1369 4408 poeta
