3112 4860
766 248 807 313 16

190 439 278 520 dicit,
314 438 458 504 condidit
492 460 610 520 ensem,
647 461 721 522 ,qua
754 441 862 524 patuit
895 438 1033 509 ferrum}
1086 441 1139 506 Ita
1173 441 1302 524 quidem
1333 465 1372 508 ex

189 544 282 610 libris
306 543 349 610 M.
359 563 387 621 ς.
411 543 531 609 editum
555 549 611 611 est.
664 544 728 611 Sed
756 544 842 609 ferro
873 565 1003 627 semper
1029 565 1120 608 arma
1149 545 1373 630 significantur

190 648 277 734 apud
299 648 450 713 Ovidium
474 669 557 731 quae
580 649 623 714 ad
644 649 900 733 impugnandum
924 654 956 712 et
977 648 1169 714 laedendum
1192 656 1270 735 apta
1287 657 1371 728 sunt,

189 774 253 819 non
286 752 328 817 ad
365 751 539 817 arcendum
573 759 606 817 et
642 753 887 833 defendendum,
921 758 957 817 ut
987 752 1112 821 thorax.
1168 755 1372 820 Burmannus

189 855 649 941 00011011,110000101110100ι
675 856 817 921 adiciens
848 856 1094 940 explicationem
1141 857 1184 937 ,id
1215 866 1272 939 est,
1308 880 1373 942 qna

188 967 282 1044 parte
313 961 428 1024 vulnus
458 961 604 1044 accipere
636 967 773 1044 poterat,
805 960 965 1043 reliquum
997 962 1080 1025 enim
1116 981 1231 1044 corpus
1262 962 1373 1027 avul-

189 1065 320 1129 neribus
342 1066 483 1129 immune
507 1063 670 1130 habebat‘
705 1066 833 1130 Riesius
856 1065 992 1129 coniecit
1009 1086 1083 1147 ,qua
1093 1068 1219 1149 patitur
1232 1066 1372 1132 ferrum‘.

189 1171 237 1234 Ex
260 1171 360 1234 Riesii
383 1171 568 1234 coniectura
591 1191 655 1234 non
678 1169 887 1252 intellegitur,
917 1174 1025 1234 utrum
1058 1169 1141 1234 ferro
1166 1170 1308 1253 gladium
1330 1192 1373 1235 an

189 1273 353 1339 thoracem
378 1272 551 1356 significari
574 1279 713 1339 censeat.
750 1274 782 1338 Si
806 1274 949 1357 gladium
973 1272 1148 1357 significari
1173 1281 1291 1355 censet,
1308 1296 1372 1339 me-

188 1379 250 1442 lius
274 1400 345 1442 0000
368 1378 529 1441 sententia
552 1378 746 1460 scripturam
763 1377 919 1443 librorum
935 1379 1165 1443 nonnullorum
1181 1400 1255 1462 ,qua
1266 1379 1372 1462 patuit

187 1482 282 1546 ferro‘
306 1483 442 1565 reponit,
467 1502 563 1563 quam
585 1479 718 1545 verbum
742 1483 869 1564 ,patuit‘
908 1484 1049 1547 omnium
1080 1483 1234 1548 librorum
1266 1487 1373 1547 mutat

187 1588 220 1651 in
243 1588 396 1670 patitur,
419 1586 505 1669 quod
529 1585 601 1649 duri
624 1586 747 1668 aliquid
770 1586 877 1654 habet.
901 1587 1065 1671 Hauptius
1088 1589 1282 1671 scripturam
1299 1608 1373 1671 ,qua

186 1693 296 1776 patuit
316 1690 447 1755 ferrum‘
483 1692 716 1773 interpretatus
747 1697 797 1755 est
828 1692 948 1772 ,soweit
980 1692 1038 1757 das
1070 1692 1211 1758 Schwert
1240 1691 1372 1771 reichte,

187 1796 245 1860 das
269 1817 367 1880 gauzo
400 1795 560 1861 Schwart‘.
618 1794 701 1860 Sane
735 1794 867 1860 verbum
898 1797 1031 1879 patendi
1065 1797 1144 1862 locis
1181 1795 1372 1879 quibusdam
1482 1853 1483 1856 ,

192 1901 275 1965 verti
291 1905 400 1984 potest
415 1908 525 1965 nostro
543 1899 639 1964 verbo
664 1900 811 1980 ,00101000ι
835 1901 923 1965 velut
944 1902 970 1982 l,
988 1905 1067 1966 241:
1085 1921 1158 1983 ,qua
1171 1904 1260 1964 terra
1270 1904 1372 1983 patet,

187 2004 256 2069 fera
278 2011 394 2087 regnat
416 2004 561 2089 Erinys‘3
584 2003 653 2084 XV,
676 2004 755 2068 877:
780 2025 917 2088 ,quaque
947 2010 1040 2089 patet
1062 2005 1193 2070 domitis
1223 2004 1371 2068 Romana

185 2109 334 2192 potentia
377 2110 501 2173 terris‘:
547 2106 603 2172 scd
634 2109 667 2172 in
711 2109 770 2173 tali
814 2114 980 2174 structura
1011 2108 1072 2174 hoc
1114 2107 1211 2174 verbo
1251 2107 1371 2190 signifi-

129 2245 130 2249 *
186 2219 280 2277 catur
317 2234 381 2276 non
424 2212 519 2277 modo
556 2213 699 2276 extensio
730 2213 763 2275 in
801 2211 1045 2295 longitudinem,
1089 2219 1127 2279 ut
1164 2214 1212 2278 ita
1254 2213 1369 2292 dicam,

185 2338 296 2382 verum
327 2318 424 2382 etiarn
459 2318 492 2381 in
524 2315 729 2381 latitudinem
763 2316 906 2398 locisque
939 2317 1080 2382 laudatis
1109 2319 1209 2401 igitur
1237 2317 1370 2381 verbum

184 2422 318 2506 putendi
351 2422 593 2487 accuratissime
623 2421 762 2485 vortitur
801 2421 881 2500 ,sich
914 2420 1118 2511 ausbreitenf.
1174 2421 1221 2486 De
1260 2421 1369 2504 gladio

184 2528 286 2610 igitur
316 2547 520 2610 nequaquam
552 2525 659 2590 dicere
684 2526 791 2609 potuit
822 2525 954 2590 Ovidius
986 2547 1062 2609 ,qua
1090 2527 1198 2609 patuit
1226 2525 1368 2590 ferrum‘.

184 2631 387 2714 Itaqueiam
410 2637 611 2696 revertamur
623 2650 661 2693 ae
683 2628 855 2693 lectionem
880 2647 908 2706 ς.
933 2650 1008 2711 ,qua
1030 2629 1138 2711 patuit
1153 2627 1260 2709 ferro‘,
1284 2649 1368 2711 quae

184 2734 361 2818 significat:
392 2755 467 2817 ‚qua
482 2734 602 2799 ferrum
617 2737 788 2816 penetrare
810 2735 919 2816 potuit
940 2754 999 2815 per
1021 2732 1164 2798 thoracis
1186 2739 1367 2817 compages‘

184 2837 291 2925 vellat
299 2839 502 2904 Burmannus
511 2838 660 2921 explicat,
674 2858 749 2921 ,qua
760 2844 853 2920 parte
866 2843 979 2920 pectus
988 2837 1128 2900 vulneris
1140 2837 1266 2920 patiens
1275 2845 1366 2903 eral‘.

185 2945 232 3009 Da
256 2944 476 3027 exemplorum
498 2943 650 3007 similium
674 2943 767 3025 copia
791 2943 870 3006 satis
898 2943 961 3006 erit
991 2939 1105 3005 afferre
1137 2963 1245 3020 unum,
1280 2941 1366 3024 quod

183 3049 314 3114 memini
337 3048 375 3129 V,
399 3051 478 3113 654:
502 3051 604 3132 ,patet
625 3046 702 3110 mihi
724 3047 852 3129 pervius
874 3045 1007 3112 aether‘.

577 3343 657 3423 ner.
685 3341 761 3457 riu,
788 3341 970 3420 rra-ra.

168 3480 197 3532 s
388 3500 474 3570 ,Quod
491 3501 587 3570 loquor
604 3504 631 3552 et
650 3498 722 3568 spiro
740 3497 895 3566 caelumque
913 3501 941 3549 ot
958 3495 1075 3550 sidera
1093 3496 1157 3551 solis

387 3588 509 3657 respicio,
525 3587 662 3657 possimne
680 3586 802 3654 ingratus
820 3591 847 3638 et
864 3584 1000 3637 immemor
1018 3582 1108 3637 00001ι

286 3765 328 3829 M.
361 3762 569 3845 nonnullique
597 3761 654 3825 alii
678 3760 795 3840 ,sidera
825 3758 922 3835 solis‘,
953 3757 1069 3840 reliqui
1101 3758 1233 3835 ,lumina
1263 3759 1363 3825 solis‘.

182 3869 443 3952 Discrepantiam
467 3867 646 3950 scripturae
669 3864 743 3928 inde
766 3870 875 3927 natam
900 3883 969 3926 esse
993 3863 1152 3943 existimo,
1183 3862 1268 3946 qnod
1291 3864 1363 3945 quis

181 3972 287 4037 verbis
312 3973 443 4052 ,lumina
464 3971 550 4035 solis‘
575 3968 713 4034 credidit
736 3966 910 4050 significari
933 3965 1049 4046 sidera,
1073 3966 1114 4030 ob
1138 3988 1272 4050 eamque
1295 3989 1362 4031 rem

181 4098 289 4142 vocem
314 4076 439 4154 ,sidera‘
463 4075 635 4160 adscripsit
657 4072 761 4137 verbis
785 4069 918 4150 ,lumina
941 4070 1038 4137 solis‘.
1083 4071 1135 4134 Ita
1157 4069 1286 4153 quidem
1302 4092 1363 4135 vox

183 4181 309 4263 ,sidera‘
333 4180 493 4264 expellere
515 4179 622 4263 potuit
644 4199 752 4242 vocem
776 4176 917 4256 ,lumina‘
948 4182 981 4239 et
1013 4175 1102 4239 nasci
1129 4176 1235 4258 potuit
1264 4175 1363 4258 scrip-

181 4292 256 4351 tura
279 4284 396 4366 ,sidera
418 4284 514 4365 solis‘,
545 4303 628 4365 quae
650 4281 742 4345 nihili
765 4288 824 4348 est.
870 4280 953 4346 Sane
975 4280 1009 4343 iu
1032 4277 1139 4344 Ovidii
1168 4278 1363 4346 carminibus
