3112 4860
294 1199 532 1298 Quamquam
558 1199 755 1300 praeclara
781 1200 901 1274 multa
921 1183 1096 1299 omnique
1114 1199 1228 1302 laude
1249 1227 1375 1275 cumu-

190 1321 267 1395 lata
304 1348 389 1397 eum
420 1322 577 1423 pristino
623 1335 795 1422 tempore
831 1334 911 1396 tum
946 1332 1074 1396 nostra
1108 1322 1291 1397 memoria
1327 1320 1375 1396 de

192 1440 330 1526 Ovidii,
355 1444 578 1519 carminibus
615 1443 801 1544 disputata
834 1454 930 1538 sunt,
977 1455 1101 1516 tamen
1144 1469 1220 1517 non
1254 1468 1375 1545 pauca

107 1549 108 1552 ¹
189 1577 340 1665 restant,
377 1566 510 1667 quibus
544 1577 717 1642 accurate
753 1549 1052 1666 peruestigandis
1089 1565 1190 1639 haud
1218 1565 1374 1664 exiguos

189 1685 331 1762 fructus
361 1688 624 1790 percipiamus,
653 1687 811 1762 'Eluoet
839 1688 950 1784 enim,
979 1714 1053 1787 quo
1077 1687 1220 1762 maiore
1246 1687 1373 1762 iucun-

190 1807 306 1883 ditate
345 1810 510 1885 oarmina
545 1822 682 1911 poetae
720 1821 757 1883 et
794 1820 989 1882 venustate
1032 1807 1299 1906 elegantissimi
1338 1819 1375 1884 et
1446 1894 1447 1901 χ

189 1931 455 2032 perspicuitate
481 1932 692 2005 suavissimi
709 1932 861 2004 animos
895 1931 1101 2027 hominnm,
1143 1931 1207 2029 qui
1242 1913 1375 2006 talium
1410 1933 1416 1995 l

189 2054 412 2127 tenebantur
441 2054 576 2127 artium
603 2044 745 2148 an'rore,
764 2053 1074 2153 permulcebam,
1105 2077 1149 2126 eo
1169 2052 1287 2150 magis
1317 2052 1373 2125 in-

188 2175 336 2250 terdum
354 2175 774 2274 singulorum'virorum
790 2176 984 2277 opiniones
1002 2202 1071 2276 pro
1092 2175 1218 2250 verbis
1236 2185 1373 2276 poetae

188 2299 396 2372 venditatas
427 2323 519 2373 esse.
575 2296 725 2389 Quare
754 2325 838 2373 cum
865 2298 901 2370 in
931 2297 1101 2372 omnibus
1129 2296 1234 2370 libris
1260 2320 1373 2371 manu

187 2421 345 2522 scriptis,
368 2420 430 2520 qui
447 2445 603 2495 nurnero
624 2419 914 2521 permultisunt,
939 2417 1247 2520 interpolationes
1268 2416 1371 2492 latis-

187 2542 279 2616 sime
306 2555 539 2644 propagatae
569 2554 702 2637 essent,
732 2568 802 2616 nec
828 2542 1098 2639 invenirentur,
1135 2542 1199 2642 qui
1225 2540 1372 2615 sincera

186 2677 381 2738 servarent
416 2678 552 2765 poetae
587 2666 717 2760 verba,
755 2678 883 2739 nostro
921 2664 1074 2739 demum
1110 2664 1260 2739 saeculo
1296 2664 1371 2738 Ru-

188 2785 351 2886 dolphus
379 2786 597 2882 Merkelius,
627 2787 686 2860 vir
714 2787 761 2860 de
791 2785 1033 2882 emendandis
1062 2785 1371 2886 explicandisque

186 2919 322 3006 poetae
353 2909 474 2982 vorbis
503 2920 589 3008 post
624 2910 817 3008 egregiam
853 2906 1002 2981 Nicolai
1039 2907 1185 2981 Heinsii
1215 2932 1369 3008 operam
1441 2925 1447 2934 “

187 3029 351 3102 omnium
380 3029 520 3129 optime
546 3029 701 3103 meritus
720 3029 824 3104 libris
845 3028 1048 3104 admodum
1072 3055 1254 3130 prospera
1281 3055 1370 3104 cura

187 3151 331 3224 collatis
362 3150 579 3224 examinatis
604 3150 711 3224 firma
731 3164 774 3224 ut
793 3151 844 3224 ita
865 3151 985 3225 dicam
1004 3150 1061 3224 rei
1078 3151 1227 3226 criticae
1245 3151 1370 3251 posuit
1402 3173 1407 3206 ¹

186 3272 439 3346 fundamenta.
496 3274 624 3371 Atque
663 3274 700 3346 in
737 3274 788 3346 eis
825 3272 990 3372 quidem,
1027 3297 1123 3371 quae
1161 3272 1367 3347 Merkelius

187 3395 234 3468 dc
263 3393 446 3468 librorum
475 3399 696 3494 cognatione
724 3395 922 3495 pretioque
950 3393 1090 3490 docuit,
1120 3395 1231 3468 etiam
1255 3394 1367 3469 hodie
1405 3403 1412 3428 ⁸

186 3517 222 3589 in
240 3516 456 3591 universum
484 3517 794 3616 acquiescendum
823 3527 906 3617 estq
926 3515 995 3590 nisi
1023 3516 1123 3615 quod
1144 3516 1365 3593 Alexandro

183 3640 307 3715 Riesio
326 3639 603 3714 assentiendum
622 3652 726 3740 puto,
752 3639 815 3738 qui
835 3637 1003 3713 codicem
1012 3636 1367 3740 Metamorphoseon
1401 3699 1414 3745 ,

184 3760 474 3836 Laurentianum
505 3759 558 3858 ,L‘
587 3788 662 3834 non
695 3763 742 3834 ab
772 3761 909 3835 eodem
942 3762 1152 3862 antiquiore
1189 3763 1365 3863 exemplo
1401 3762 1405 3774 '

184 3883 411 3982 descriptum
442 3907 522 3985 esse
551 3883 752 3980 contendit,
779 3883 879 3958 unde
908 3884 1029 3958 codex
1052 3883 1270 3958 ⁴Marcianus
1301 3884 1364 3980 ,M‘

183 4006 366 4106 originem
394 4004 511 4100 duxit,
530 4004 571 4079 id
588 4005 688 4104 quod
703 4003 907 4080 Merkelius
925 4017 1115 4100 statuerat,
1134 4004 1202 4080 sed
1222 4005 1366 4105 aliquot

182 4127 360 4226 gradibus
388 4129 434 4202 ab
472 4127 540 4201 illo
579 4127 719 4226 codice,
758 4128 944 4202 communi
978 4128 1165 4226 librorum
1201 4128 1242 4202 M
1270 4141 1307 4203 et
1333 4129 1393 4205 L·

184 4249 338 4348 origine,
366 4248 514 4326 distare.
561 4247 696 4348 Neque
724 4250 851 4325 facere
885 4277 1049 4352 possum,
1077 4249 1166 4349 quin
1192 4250 1265 4326 hoo
1300 4253 1363 4328 vel
