3112 4860
757 269 795 332 ll

182 459 291 523 Famis
314 458 518 537 describitur,
541 481 579 525 ea
602 465 720 541 autem,
743 480 827 543 quae
845 480 909 524 non
922 455 980 523 sub
994 456 1103 521 oculos
1116 454 1262 520 subiecta
1279 460 1364 536 sunt,

181 563 384 643 omittuntur,
407 562 515 629 fauces
538 562 677 646 depingi.
724 565 829 648 Atque
853 562 976 645 rubigo,
999 565 1147 625 nostrum
1171 558 1282 640 ,Rost‘,
1309 559 1364 646 (cf.

182 687 221 731 ex
243 667 347 732 Ponto
371 667 397 748 I,
423 671 512 733 1.71:
546 666 682 748 ,roditur
703 672 741 731 ut
764 666 879 733 scabra
902 666 1044 749 positum
1065 663 1210 747 robigine
1230 661 1364 750 ferrum)

182 770 233 835 vel
256 769 295 835 de
318 755 470 836 dentibus
494 772 562 852 ,das
589 771 737 837 1100100ι
768 770 877 837 fauces
908 792 974 835 nou
1009 768 1134 833 arrodit
1161 787 1266 850 neque
1297 787 1366 832 esse

182 880 301 958 potest,
320 874 385 958 nisi
414 877 448 940 in
479 875 562 940 dura
592 876 740 942 materia.
786 874 831 940 ef.
862 880 992 959 praeter
1022 873 1131 939 locum
1161 870 1202 936 ab
1233 871 1365 936 Heinsio

181 977 350 1044 laudatum
374 981 443 1047 Art.
466 980 492 1062 Ι,
517 985 595 1046 515:
620 985 763 1062 ,careant
786 979 934 1064 rubigine
957 978 1089 1043 dentes‘·

581 1171 724 1272 1101,
751 1171 884 1252 soa-
895 1170 966 1250 ao.

388 1327 524 1397 ,Gratulor
541 1326 604 1383 huic
621 1333 718 1397 terrae,
738 1327 808 1399 quod
826 1327 903 1384 abest
920 1326 1074 1397 regionibus
1091 1325 1154 1394 illu,

390 1429 458 1485 qnae
476 1420 580 1472 tantum
598 1429 716 1485 genuere
732 1416 818 1472 nefas.
837 1416 872 1471 sit
889 1415 965 1470 dives
981 1429 1092 1483 amomo,

389 1502 565 1572 cinnamaque
583 1507 737 1572 costumque
756 1519 833 1558 suum
849 1502 998 1572 sudataque
1014 1501 1089 1571 ligno

389 1593 451 1644 tura
468 1588 538 1644 ferat
555 1588 734 1659 floresque
752 1590 840 1646 alios
858 1590 994 1645 Panchaia
1010 1589 1099 1656 tellus,

390 1676 453 1732 dum
472 1677 542 1732 ferat
559 1683 586 1731 01
603 1692 733 1734 murram:
750 1678 819 1733 tanti
835 1693 906 1733 nova
923 1692 978 1732 non
995 1675 1047 1732 fuit
1064 1676 1161 1731 arbor‘

288 1816 332 1884 M.
344 1816 381 1884 L.
394 1835 423 1895 ς.
446 1814 615 1900 ,floresque
638 1816 728 1882 alios‘
753 1822 907 1901 quattuor
930 1815 1035 1898 ,flores
1065 1815 1192 1883 varios‘.
1237 1814 1366 1880 Riesius

184 1921 329 2002 adnotat,
352 1921 454 2002 ,alios‘
478 1926 664 2005 corruptum
684 1943 763 1999 esse,
785 1923 819 1988 id
849 1921 936 2005 quod
958 1921 1120 1987 sententia
1142 1941 1270 2004 quoque
1294 1939 1369 1984 con-

182 2024 340 2091 firmatur.
385 2026 468 2091 Nam
490 2031 588 2110 poeta
609 2031 683 2110 post
704 2027 854 2093 laudatos
874 2025 1014 2091 Arabiae
1038 2023 1152 2091 odores
1175 2025 1276 2090 latine
1300 2044 1364 2089 000

183 2135 292 2215 potest
313 2151 447 2216 pergere
472 2136 556 2212 ,tura
579 2129 662 2198 ferat
684 2131 843 2216 floresque
865 2132 945 2198 alios
974 2131 1136 2196 Panchaia
1160 2129 1285 2209 tellus‘,
1317 2128 1367 2193 ni-

185 2235 301 2300 mirum
326 2235 477 2318 quoniam
500 2233 596 2302 flores
619 2257 683 2302 000
708 2241 784 2302 sunt
814 2236 938 2302 odores.
985 2234 1102 2299 Graeci
1135 2233 1264 2316 quidem
1292 2252 1368 2298 voce

188 2330 284 2414 ἄλλος
305 2339 353 2404 110
375 2340 423 2404 011
445 2344 631 2423 potuerunt,
655 2362 719 2407 000
742 2340 848 2405 1101101
872 2361 947 2405 voce
971 2339 1065 2405 alius
1111 2337 1224 2420 Neque
1246 2335 1288 2401 ad
1311 2335 1366 2400 de·

188 2440 381 2508 fendendum
404 2442 488 2507 hunc
512 2465 605 2509 usum
628 2446 708 2510 satis
731 2446 826 2525 valet,
858 2444 944 2528 quod
967 2443 1098 2528 quidam
1121 2441 1260 2507 editores
1289 2439 1367 2505 olim

187 2545 423 2612 adnotaverunt
445 2547 697 2634 interpretantes
721 2556 763 2631 ,et
794 2550 938 2632 alioquin
967 2546 1089 2629 flores‘,
1118 2546 1196 2629 quia
1221 2544 1250 2610 is
1280 2545 1367 2610 vocis

188 2649 289 2730 ,alius‘
313 2671 390 2716 usus
411 2650 499 2717 nullo
524 2654 677 2737 exemplo,
701 2660 787 2719 certe
811 2652 897 2737 apud
922 2651 1070 2718 Ovidium
1100 2648 1198 2730 nullo,
1222 2669 1368 2733 compro-

186 2752 293 2820 batur.
338 2753 449 2837 Neque
482 2761 569 2822 stare
598 2763 706 2841 potest
737 2759 802 2823 alia
830 2756 1057 2840 interpretatio
1088 2753 1211 2836 ,flores,
1240 2753 1366 2833 herbas,

187 2856 342 2940 frutices‘,
365 2859 518 2941 quoniam
540 2861 654 2927 odores
678 2851 819 2928 Arabiae
841 2861 1081 2946 praedicantur.
1117 2859 1235 2924 Omnes
1256 2857 1367 2940 igitur,

188 2961 244 3044 qui
266 2948 477 3047 interpretari
508 2966 616 3031 conati
639 2971 716 3031 sunt
746 2971 779 3031 et
800 2967 872 3050 ipsi,
900 2966 933 3029 ni
956 2963 1060 3054 follor,
1086 2963 1165 3028 bene
1189 2965 1367 3040 senserunt,

186 3064 268 3131 illud
299 3065 469 3151 ,floresque
491 3068 581 3134 01100ι
615 3069 821 3135 durissimum
853 3090 932 3135 esse.
978 3066 1124 3133 Scribere
1158 3067 1303 3150 ,aliquos‘
1334 3066 1367 3129 in

186 3170 273 3254 quod
297 3171 395 3252 ,01100ι
419 3173 546 3258 saepius
569 3179 757 3258 corruptum
781 3179 847 3254 est,
877 3173 1031 3239 hocloco
1063 3172 1207 3255 ineptum
1232 3169 1367 3236 videtur.

186 3275 300 3341 Ausim
330 3275 431 3358 igitur
462 3297 643 3361 proponere
678 3279 896 3344 coniecturam
934 3274 1104 3360 ,floresque
1137 3275 1248 3340 aloes‘.
1292 3273 1367 3339 Flos

187 3379 275 3444 aloes
295 3380 379 3444 enim
414 3385 446 3444 et
475 3382 617 3464 antiquis
648 3388 681 3447 et
710 3384 829 3448 nostris
858 3380 1057 3467 temporibus
1088 3378 1368 3445 celeberrimorum

185 3481 301 3549 florum
324 3483 358 3548 in
379 3506 513 3550 numero
545 3491 596 3550 est
629 3485 759 3552 habitus
791 3493 890 3571 atque
920 3507 984 3550 non
1015 3485 1118 3549 solum
1150 3482 1190 3548 ob
1213 3482 1368 3548 amaritu-

187 3586 293 3652 dinem
315 3589 393 3669 suci,
416 3610 499 3672 quae
522 3590 666 3673 antiquis
689 3612 784 3675 saepe
807 3589 942 3655 laudata
965 3593 1014 3654 est
1030 3589 1129 3674 (plus
1147 3588 1244 3674 aloes,
1269 3606 1367 3670 quam

186 3692 290 3757 mellis
312 3691 419 3758 habet‘
443 3694 527 3778 Iuv.)
543 3715 651 3777 neque
675 3695 779 3760 solum
798 3693 838 3759 ob
853 3694 1039 3774 utilitatem,
1064 3714 1127 3776 qua
1139 3691 1209 3756 aloe
1224 3690 1367 3770 arabica,

186 3796 256 3863 aloe
288 3798 469 3863 soccotrina
501 3797 554 3884 (de
588 3797 774 3879 Soccotora,
806 3798 912 3863 insula
945 3796 1117 3884 Arabica),
1149 3797 1220 3861 aloe
1250 3793 1367 3874 lucida,

185 3900 270 3967 aliae
293 3902 417 3986 species
440 3901 611 3983 excellunt,
636 3904 859 3968 verumetiam
878 3907 1013 3985 propter
1034 3901 1183 3967 eximiam
1197 3898 1368 3965 rubrorum

185 4005 301 4072 florum
323 4005 614 4090 pulchritudinem,
647 4027 729 4090 quae
758 4005 906 4071 omnibus
936 4004 1135 4090 temporibus
1157 4003 1364 4070 admirationi

185 4110 257 4177 fuit.
303 4111 391 4189 Quae
416 4131 489 4175 cum
511 4110 559 4175 ita
582 4111 664 4187 sint,
690 4111 823 4176 Ovidius
845 4112 930 4175 iuter
954 4110 1019 4175 alia
1041 4131 1124 4193 quae
1149 4107 1288 4174 Arabiae
1311 4107 1369 4175 do·

185 4215 320 4280 mastica
343 4214 515 4298 decorique
538 4220 640 4296 erant,
664 4220 740 4299 apte
756 4215 848 4280 aloen
866 4213 1063 4296 nominabat,
1086 4214 1278 4297 praesertim
1295 4233 1369 4278 cum

186 4317 266 4385 haec
297 4324 387 4385 terra
416 4319 588 4386 excelleret
614 4339 678 4386 000
712 4321 815 4386 solum
846 4317 999 4385 odoribus
1023 4318 1079 4384 sed
1103 4319 1199 4384 etiam
1224 4317 1367 4387 floribus.
