3112 4860
767 282 809 346 13

193 471 296 536 tentia
319 470 464 554 spurium
492 468 647 534 habemus
677 473 710 536 in
741 472 890 538 draconis
924 471 1138 556 descriptione
1168 494 1297 538 versum
1325 474 1375 541 vol

197 579 277 643 duos
300 596 410 640 versus
434 574 571 658 spurios,
595 574 667 641 dico
691 575 768 641 Met.
792 577 863 658 VII,
890 580 1073 646 149-152:

295 684 375 748 149:
401 718 452 760 ,-
475 680 662 763 pervigilem
685 687 833 764 superest
855 683 961 765 sopire
984 680 1176 764 draconem,‘

299 791 376 850 150:
401 787 466 866 ,qui
485 785 585 848 crista
600 785 782 868 linguisque
807 785 910 850 tribus
933 787 1113 869 praesignis
1136 793 1168 850 et
1190 788 1281 852 uncis

298 894 375 954 151:
400 888 560 970 ,dentibus
575 888 771 969 1181181888,
795 898 903 955 custos
917 893 997 954 ‘crat
1019 889 1144 955 arboris
1167 899 1302 963 aureae!

298 996 374 1064 152:
400 994 494 1074 ,hunc
517 997 688 1075 postquam
711 997 831 1076 sparsit
854 994 988 1059 Lethaei
1013 996 1156 1077 gramine
1180 997 1313 1063 suci...‘

278 1099 400 1163 Eadem
425 1118 532 1172 causa,
564 1118 627 1179 qua
648 1097 774 1160 Riesius
792 1105 969 1163 commotus
987 1105 1044 1179 est,
1062 1107 1098 1164 ut
1113 1107 1239 1164 vers'um
1255 1101 1310 1182 XI,
1323 1106 1373 1170 59.

191 1205 335 1288 spurium
358 1200 502 1281 haberet,
527 1201 700 1265 Merkelius
725 1203 843 1266 multos
867 1224 969 1286 nuper
991 1224 1101 1268 versus
1125 1205 1215 1269 uncis
1243 1205 1375 1273 inclusit

188 1314 321 1392 propter
352 1307 466 1370 duram
496 1306 620 1370 scilicet
642 1307 876 1390 repetitionem,
907 1307 994 1370 velut
1016 1308 1073 1387 III,
1104 1311 1178 1388 400,
1198 1311 1272 1390 401,
1295 1315 1369 1392 415,

190 1411 370 1498 41781111,
394 1413 473 1490 543;
497 1409 553 1490 IX,
578 1412 656 1491 7773
692 1411 730 1492 Χ,
755 1414 827 1490 282,
852 1414 935 1493 288;
966 1411 1127 1491 Χ1,714;
1158 1413 1231 1493 XII,
1256 1416 1307 1494 83,
1332 1420 1373 1479 84

190 1517 244 1585 all.
292 1515 441 1581 Ceterum
465 1515 821 1599 1888181818888811,
853 1516 930 1597 quin
961 1514 1124 1595 confitear,
1155 1517 1234 1581 mihi
1256 1520 1372 1584 mirum

190 1621 303 1702 videri,
325 1627 446 1703 quanta
468 1621 501 1683 in
524 1622 709 1683 universum
734 1620 908 1684 multitudo
941 1642 1089 1684 versuum
1122 1623 1373 1705 1888181181-

190 1725 274 1790 kelio
297 1725 482 1808 proscripta
504 1725 557 1791 811.
601 1725 639 1787 11
663 1724 740 1787 88118
765 1724 1066 1808 Metamorphoseon
1089 1724 1188 1809 ,libris
1212 1727 1372 1790 81111118-

189 1831 266 1894 levit
298 1851 409 1893 versus
440 1830 576 1911 triginta
605 1835 682 1907 tres,
716 1826 817 1890 obelis
851 1829 1005 1892 iustruxit
1027 1828 1175 1909 sedecim,
1212 1832 1373 1895 8881811-

191 1935 287 1998 clusit
311 1935 465 1998 ducentes
489 1933 707 2016 quadraginta
725 1939 845 2014 septem
864 1954 973 1996 versus
989 1939 1083 2013 18188,
1102 1941 1210 2016 881188
1223 1956 1372 1999 versuum

188 2039 335 2103 sedecim.
380 2036 476 2102 Haud
497 2039 621 2120 ignoro,
644 2037 908 2119 interpolationes
931 2039 964 2101 in
981 2037 1040 2101 hoc
1057 2040 1198 2102 carmine
1215 2039 1372 2105 latissime

188 2147 388 2227 propagatas
412 2163 491 2218 esse,
516 2141 572 2206 sed
596 2162 635 2205 ex
655 2141 758 2205 altera
781 2146 875 2224 parte
898 2163 956 2205 uec
980 2142 1071 2206 video
1095 2164 1153 2206 188
1176 2165 1196 2206 8
1215 2143 1371 2207 Merkelio

189 2247 307 2311 doceor
339 2248 424 2311 viam
455 2253 488 2311 ct
518 2248 687 2326 rationem,
718 2266 814 2327 quam
839 2252 968 2309 secutus
991 2251 1117 2310 tantam
1139 2253 1175 2311 81
1195 2248 1243 2311 118
1266 2246 1370 2311 dicam

188 2353 340 2417 carminis
372 2358 499 2435 partem
533 2351 675 2434 spuriam
706 2350 929 2415 declaraverit.
986 2349 1145 2432 Equidem
1176 2352 1259 2415 enim
1290 2352 1370 2416 satis

186 2458 307 2521 multos
328 2471 441 2521 ¹rersus
465 2457 547 2536 novi,
564 2522 566 2526 ,
585 2477 666 2539 quos
691 2456 802 2520 eodem
832 2456 902 2519 iure
931 2460 1042 2538 putem
1074 2455 1200 2537 spurios
1234 2455 1370 2520 iudicari

186 2583 289 2643 posse,
314 2582 376 2644 quo
400 2582 463 2641 888,
488 2581 568 2642 quos
594 2559 768 2624 Merkelius
790 2559 998 2641 proscripsit3
1037 2579 1076 2622 ex
1099 2560 1144 2623 eis
1174 2580 1258 2640 vere,
1289 2581 1369 2642 quos

186 2665 276 2728 uncis
300 2665 441 2744 inclusit,
464 2685 528 2730 non
552 2685 674 2747 paucos
697 2661 825 2727 defendi
848 2683 942 2745 posse
965 2682 1090 2728 censeo.

584 2854 664 2934 181.
691 2852 740 2955 u,
767 2853 957 2933 88-58

391 3009 491 3079 ,thue
508 3008 597 3064 solent
615 3011 727 3080 sumptis
745 3010 856 3065 incursu
872 3011 974 3066 viribus
991 3011 1031 3065 118

389 3103 499 3167 8881818
515 3097 544 3151 11
563 3113 638 3152 arma
656 3096 708 3152 feri
724 3103 955 3167 protentaque
972 3099 1027 3154 tela
1044 3097 1155 3157 leones.‘

294 3256 337 3324 M.
360 3259 393 3320 81
412 3254 475 3320 duo
498 3255 555 3320 8111
578 3259 824 3338 protentaque,
846 3255 964 3340 reliqui
986 3261 1250 3340 ,818818118888ί
1295 3259 1367 3324 Uno

185 3360 242 3425 illo
272 3360 354 3440 loco,
391 3380 464 3442 quo,
496 3365 653 3442 quantum
683 3359 758 3439 vidi,
796 3359 928 3424 verbum
956 3361 1170 3444 protendendi
1197 3363 1231 3426 in
1263 3362 1368 3428 Ovidii

186 3463 379 3530 carminibus
401 3466 572 3545 invenItur,
603 3464 700 3529 aliam
730 3463 830 3528 habet
861 3466 1034 3546 notionem,
1066 3487 1162 3548 quam
1194 3487 1277 3548 quae
1306 3467 1367 3532 hoc

183 3570 255 3636 loco
279 3575 357 3655 apta
379 3575 437 3636 est.
481 3569 561 3634 Dico
586 3569 664 3634 Met.
685 3567 770 3650 XIV,
797 3568 867 3649 191,
890 3567 946 3633 ubi
968 3576 1066 3652 poeta
1081 3569 1121 3633 de
1137 3569 1275 3655 Cyclope
1291 3593 1367 3655 gen-

183 3680 249 3740 tem
280 3674 434 3738 Achivam
472 3678 643 3738 execrante
674 3672 771 3737 dicit:
814 3672 958 3756 ,rupibus
999 3674 1143 3738 incursat
1172 3673 1367 3758 foedataque

183 3778 317 3843 brachia
339 3777 416 3844 tabo
439 3778 473 3842 in
494 3799 583 3842 mare
606 3777 803 3861 protendens
834 3782 962 3860 gentem
991 3783 1161 3842 execratur
1190 3778 1366 3847 Achivam.‘

182 3882 232 3947 Ibi
255 3882 469 3966 ,protendens‘
493 3882 534 3947 ab
558 3882 705 3947 omnibus
729 3880 796 3946 fere
819 3881 983 3947 codicibus
1006 3880 1185 3962 exhibetur,
1217 3883 1259 3951 M.
1284 3905 1366 3968 ,pre-

182 3987 326 4052 tendens‘
351 3987 479 4051 videtur
501 3985 629 4071 habere,
652 3985 709 4051 sed
731 3987 862 4050 litterae
884 4008 948 4050 non
971 3986 1058 4050 clare
1082 4007 1254 4071 expressae
1278 3993 1364 4056 sunt.

183 4091 290 4172 Atque
320 4089 526 4174 ibiquidem
563 4089 778 4173 ,8181818818ι
808 4110 918 4154 verum
952 4089 1090 4170 uldetur,
1122 4091 1199 4173 quia
1229 4090 1364 4174 Cyclops

182 4195 343 4275 protentis
362 4193 505 4259 brachiis
529 4192 723 4258 desiderium
746 4215 840 4258 suum
862 4193 993 4275 indicat,
1017 4200 1063 4272 ut,
1088 4215 1167 4278 quos
1184 4200 1363 4276 execratur,

181 4296 329 4364 manibus
351 4299 455 4383 possit
479 4299 665 4384 contingere
686 4319 871 4383 poenasque
905 4296 945 4364 de
975 4298 1021 4364 eis
1052 4319 1194 4365 sumere:
1232 4299 1266 4363 in
1298 4319 1363 4386 qua
