3112 4860
749 272 767 338 6

656 363 818 371 ...-..-...——--
822 363 861 369 ψ...

169 462 301 528 notione
317 459 451 527 Ovidius
474 458 573 527 verba
596 461 730 528 tonandi
747 465 780 528 et
795 462 965 529 intonandi
982 462 1065 529 solet
1081 485 1248 548 usurpare,
1272 485 1352 528 nun·

172 587 271 649 quam
295 566 430 632 sonandi
452 571 484 632 et
506 566 686 634 insonaudi.
720 569 758 632 In
780 569 909 652 poetica
932 574 1040 632 autem
1056 569 1196 633 tonitrus
1212 568 1353 651 descrip-

171 672 258 735 tione
282 671 332 735 vel
354 672 462 754 potius
486 672 553 736 eius
577 672 709 754 originis
732 673 946 756 explicatione
961 672 1094 736 verbum
1110 671 1279 737 intonandi
1295 692 1353 736 suo

171 775 242 840 loco
266 796 344 856 esse,
368 797 432 840 non
453 776 639 857 insonandi‚
664 778 764 841 cuivis
782 783 884 861 patet.
930 775 1084 842 Conferas
1115 775 1196 856 XV,
1222 780 1273 844 69.
1296 796 1351 857 sq:

173 901 269 963 ,quae
277 879 419 945 fulminis
430 886 514 946 esset
525 882 625 965 ongo,
638 883 764 966 Iupiter
775 903 817 947 an
829 883 916 947 venti
928 880 1073 947 discussa
1085 880 1169 947 nube
1181 883 1353 948 tonarenu

584 1105 664 1188 uer.
692 1105 754 1209 νιι,
782 1107 934 1187 u-a.

724 1263 763 1332 ,Si
779 1276 895 1332 possem,
914 1261 1004 1317 sanior
1021 1276 1117 1319 essem.

413 1349 461 1404 sed
479 1354 598 1418 gravat
614 1350 727 1406 Invitam
745 1365 816 1405 nova
833 1349 875 1405 vis
893 1349 1020 1419 aliudque
1038 1349 1143 1419 cupido,

415 1450 491 1492 mens
510 1436 583 1492 aliud
601 1435 705 1494 suadet.
722 1437 801 1492 video
817 1436 929 1491 meliora
939 1436 1090 1506 proboque:

417 1521 551 1578 deteriora
568 1524 682 1594 sequor}

281 1662 324 1728 M.
347 1667 479 1744 tresque
503 1662 558 1727 alii
582 1666 735 1746 ,gravat‘3
759 1663 795 1731 L.
819 1669 852 1729 et
875 1664 974 1728 ceteri
997 1663 1130 1745 ,trahit‘,
1154 1664 1359 1728 Burmannus

80 1765 156 1918 s
180 1766 313 1846 ,trahit‘.
346 1767 467 1832 Facere
490 1789 554 1832 non
569 1787 711 1850 possum,
735 1769 813 1850 quin
830 1768 1025 1852 scripturam
1042 1768 1163 1849 ,trahit‘
1180 1767 1361 1851 scripturae

179 1875 312 1954 ,grarat‘
336 1869 582 1954 praeferendam
605 1871 793 1952 existimem,
817 1871 975 1955 gravandi
992 1871 1185 1956 significatio
1202 1872 1286 1936 enim
1301 1871 1362 1935 hoc

179 1974 251 2039 loco
274 1974 382 2039 aliena
399 1979 457 2054 est,
481 1975 631 2040 trahendi
647 1976 830 2059 aptissima:
855 1975 925 2040 Hoc
941 1994 1043 2059 aeque
1058 1976 1217 2040 evincitur
1232 1975 1362 2039 notione

179 2078 267 2142 vocis
284 2077 362 2158 ,vis‘,
379 2084 477 2161 atque
493 2077 607 2159 serbis,
625 2099 707 2160 quae
724 2083 902 2162 sequuntur
927 2078 1098 2159 ,deteriora
1121 2084 1258 2162 sequor‘.
1282 2077 1364 2143 Ocn-

180 2181 267 2245 feras
290 2180 330 2245 de
345 2181 495 2246 trahendi
509 2183 640 2247 notione
656 2182 817 2265 exempla:
840 2180 929 2262 VIII,
953 2183 1032 2246 464:
1057 2182 1130 2263 ,duo
1146 2182 1277 2246 nomina
1291 2200 1364 2264 poc·

180 2289 234 2350 tus
248 2285 404 2352 trahunt‘
427 2285 501 2352 Am.
518 2285 575 2366 ΙΙΙ,
599 2289 711 2353 toas:
736 2285 820 2366 ,hinc
842 2285 956 2369 pudor,
980 2308 1019 2350 ex
1034 2287 1090 2351 illa
1105 2292 1198 2370 parte
1213 2282 1365 2350 trahebat

182 2393 294 2456 amor‘.
319 2388 439 2453 Verum
454 2366 494 2453 de
509 2410 570 2453 usu
585 2387 675 2453 verbi
690 2389 847 2472 gravandi
863 2389 972 2453 videas
988 2389 1066 2453 Met.
1090 2387 1144 2469 IV,
1169 2391 1248 2453 145:
1274 2386 1369 2469 ,oculi

183 2499 287 2559 morte
300 2495 445 2577 gravati‘,
468 2493 506 2574 V,
530 2496 611 2558 658:
636 2499 800 2576 ,gravatus
816 2501 947 2574 somno‘,
970 2492 1057 2573 VIII,
1075 2493 1154 2555 205:
1180 2490 1277 2572 ,unda
1296 2513 1370 2574 gra-

183 2604 239 2663 vat
253 2602 395 2681 pennas‘,
411 2597 499 2678 llllI,
516 2601 596 2661 812:
621 2618 726 2681 ,poma
738 2600 907 2681 gravantia
926 2601 1054 2676 ramos‘,
1070 2596 1167 2661 Trist.
1183 2594 1221 2676 V,
1241 2599 1291 2663 ll.
1312 2599 1369 2659 30:

187 2703 360 2783 ,fortunam
383 2721 487 2766 meam
510 2721 646 2784 gravare
661 2705 780 2784 parce‘.
805 2701 902 2766 Trist.
926 2699 979 2780 IV,
1002 2703 1030 2768 8,
1054 2700 1112 2764 32:
1138 2698 1218 2779 ,fata
1233 2704 1370 2782 gravant

185 2812 333 2889 tempora
353 2805 556 2888 posteriora‘.

565 3011 644 3092 uer.
673 3009 734 3113 ru,
762 3010 990 3091 aas-mu.

401 3169 611 3241 ‚Multifidasque
630 3168 702 3223 faces
719 3168 748 3222 in
767 3168 841 3224 Iossa
858 3166 999 3237 sanguinis
1017 3170 1077 3221 atra

401 3259 501 3329 tinguit
519 3262 546 3312 et
562 3256 735 3311 intinctas
753 3254 868 3325 geminis
885 3252 1008 3310 accendit
1025 3253 1053 3306 in
1071 3251 1142 3307 ans!

292 3400 336 3467 M.
352 3401 391 3468 L.
408 3417 436 3478 ς.
462 3396 628 3480 infectas,
645 3396 791 3462 nonnulli
808 3396 994 3478 intinctas.
1021 3393 1183 3473 Heinsius,
1208 3396 1246 3458 ut
1262 3390 1373 3457 ederet

190 3508 375 3590 intinctas,
399 3508 516 3588 poetae
538 3523 599 3566 usu
622 3507 800 3567 commotus
824 3505 890 3580 est,
929 3499 983 3582 qui
1014 3517 1108 3581 saepe
1132 3496 1216 3561 idem
1239 3496 1371 3561 verbum

190 3614 223 3677 in
247 3611 359 3676 eadem
382 3607 543 3675 sententia
566 3606 691 3671 variata
714 3605 954 3670 constructione
978 3604 1108 3686 repetit.
1156 3600 1218 3666 Sed
1239 3598 1372 3665 verbum

188 3715 350 3783 inficiendi
375 3713 488 3779 Ouidio
510 3711 544 3775 in
566 3709 626 3774 tali
649 3731 684 3774 re
706 3715 894 3775 consuetum
910 3713 959 3774 est
981 3706 1120 3789 ideoque
1145 3703 1373 3770 reducendum

192 3821 285 3903 Quod
309 3838 505 3904 quamquam
527 3835 612 3880 nunc
628 3836 648 3880 a
664 3814 820 3879 Merkelio
835 3819 1002 3896 receptum
1019 3810 1121 3890 rideo,
1144 3817 1254 3873 tamen
1269 3827 1374 3891 pauca

191 3927 289 3994 verba
312 3923 537 4007 exemplaque,
569 3919 685 4002 quibus
715 3939 786 3984 eam
817 3917 1010 4000 scripturam
1040 3913 1121 3979 bene
1157 3909 1374 3976 commendari

192 4030 381 4110 existimavi,
394 4048 457 4092 non
470 4024 651 4092 omittenda
662 4024 821 4089 ridentur.
846 4021 1000 4086 Conleras
1013 4018 1084 4099 XV,
1103 4020 1180 4082 135:
1198 4035 1373 4099 ,percussa

193 4156 255 4219 que
268 4133 422 4218 sanguine
438 4131 558 4198 cultros
575 4128 704 4209 inficit‘3
727 4128 784 4208 XI,
808 4129 884 4191 396:
909 4125 1031 4207 ,longos
1046 4122 1201 4188 infectum
1218 4118 1374 4202 sauguine

194 4239 307 4306 villos‘.
353 4234 505 4316 Accedit,
538 4232 641 4317 quod,
664 4229 824 4315 quomodo
847 4233 925 4294 nata
949 4228 992 4292 sit
1013 4227 1176 4310 scriptura
1198 4242 1377 4308 paucorum

192 4343 350 4410 librorum
373 4340 558 4423 ,intinctas‘,
581 4336 675 4402 facile
695 4334 908 4419 intellegitur,
921 4331 1083 4398 ,nimirum
1106 4349 1144 4394 ex
1166 4324 1376 4411 praecedenti
