3112 4860
750 257 791 324 22

182 441 392 513 offensionem
415 446 542 512 ridetur
572 449 697 516 tollere.
732 450 866 515 Ovidius
889 471 1015 532 semper
1047 445 1127 513 dicit
1160 468 1270 533 ,equos
1297 448 1368 515 iun·

182 557 277 634 gere‘,
300 573 465 635 nunquam
490 575 613 633 ,currus
643 557 795 638 iungeret
828 554 874 620 cf.
899 555 987 621 Fast.
1012 552 1066 628 IV,
1087 554 1161 634 497,
1188 557 1258 623 180.
1291 555 1368 634 Met.

181 655 224 734 ΙΙ,
250 658 322 723 118.
346 658 406 720 Art
428 657 496 737 ΙΙΙ,
524 659 595 737 180,
618 660 689 726 634.
736 657 856 723 Currus
880 657 959 723 alibi
981 658 1189 723 nominantur
1220 656 1368 741 ‚profugi‘

181 758 232 823 vel
257 758 434 842 ,volucrcs‘,
466 783 542 826 axes
565 769 598 827 et
621 754 712 828 rotae
736 764 850 844 ,citae‘.
882 763 929 828 Os.
954 763 1030 828 Met.
1055 762 1097 842 11,
1122 764 1173 825 75.
1197 761 1265 843 XV,
1296 765 1369 829 506.

182 863 278 932 Trist.
302 863 361 943 111,
385 869 415 933 8.
431 867 478 930 15.
502 864 584 933 lbid.
608 868 679 931 190.

639 1081 724 1162 Fasl
752 1083 798 1184 ΙΙΙ,
826 1085 913 1165 294.

428 1211 527 1281 ,Atque
546 1213 592 1280 ita,
612 1229 665 1282 quo
682 1213 796 1282 possint,
815 1213 949 1281 erudit,
967 1218 1026 1268 arte
1045 1213 1123 1282 capi‘.
1245 1211 1246 1216 ’

286 1349 326 1418 R.
349 1348 387 1417 V.
412 1348 534 1430 ,edidir
558 1370 587 1429 ς.
611 1352 733 1432 ,edidit‘
757 1353 807 1417 rel
831 1352 1005 1436 ,tradidit‘;
1030 1353 1086 1417 alii
1110 1352 1251 1431 ,erudit‘.
1286 1351 1370 1416 Mer-

181 1450 284 1516 kclius
308 1455 341 1517 in
364 1453 503 1519 editione
526 1457 603 1520 anni
624 1457 719 1521 huius
742 1457 863 1521 saeculi
885 1457 1127 1540 quadragesimi
1150 1456 1247 1539 primi
1271 1456 1372 1539 scrip-

182 1556 224 1619 sit
247 1555 378 1637 ,edidit‘,
402 1580 486 1622 nunc
509 1559 619 1624 scribit
643 1561 781 1640 ,erudit‘.
828 1561 960 1641 ,Edidit‘
994 1561 1071 1625 ferri
1094 1582 1188 1644 posse
1219 1581 1255 1625 eo
1287 1561 1373 1624 evin-

183 1662 279 1740 citur,
301 1662 387 1746 quod
410 1662 542 1727 verbum
566 1665 681 1730 edendi
704 1687 776 1730 cum
798 1666 859 1730 tali
882 1665 1122 1748 significatione
1145 1685 1184 1728 ae
1207 1670 1372 1728 structura

184 1766 280 1830 etiam
304 1767 382 1831 alibi
404 1768 437 1831 in
462 1768 568 1832 Ovidii
590 1769 786 1835 carminibus
808 1771 979 1835 invenitur.
1032 1769 1080 1834 Cf.
1105 1769 1182 1836 Met.
1208 1769 1264 1849 ΙΙΙ,
1289 1772 1371 1833 635:

184 1869 262 1950 ,ede,
287 1891 367 1953 quos
391 1873 576 1954 contingere
599 1880 713 1957 portus
736 1874 835 1954 velis‘,
860 1875 948 1953 ΧΙΙΙ,
973 1877 1034 1937 756
1052 1895 1118 1956 sq.:
1144 1893 1213 1952 ,nec
1231 1873 1260 1937 si
1274 1893 1373 1955 quae-

183 1973 286 2054 sieris,
310 1975 418 2039 odium
443 1975 591 2059 Cyclopis
614 1998 746 2043 amorne
769 1978 880 2042 Acidis
901 1978 935 2042 in
959 1977 1051 2043 nobis
1074 1977 1172 2042 fuerit
1201 1982 1373 2060 praestan-

184 2079 259 2158 tior,
284 2078 398 2145 edam‘.

566 2269 1002 2373 nuum-m.

419 2407 501 2476 ,Haec
519 2407 613 2477 implet
629 2408 703 2463 lento
722 2409 842 2464 calathos
860 2425 875 2464 e
893 2410 993 2464 vimine
1014 2425 1135 2477 nexos,

454 2495 528 2550 Haec
548 2495 684 2564 gremium,
701 2495 778 2550 laxos
796 2495 927 2565 degravat
944 2497 992 2551 illa
1010 2496 1103 2565 sinus,

289 2635 393 2717 Vulgo
407 2642 537 2715 ,nexos‘,
554 2635 769 2718 fragmentum
781 2635 951 2700 Ilseldense
973 2636 1233 2718 antiquissimum
1245 2634 1372 2718 fideque

188 2741 340 2805 eximium
363 2761 436 2804 cum
458 2739 570 2804 multis
592 2740 664 2804 aliis
689 2744 827 2821 ,textos‘.
874 2740 911 2806 R.
935 2739 996 2804 hoc
1022 2740 1094 2804 loco
1117 2745 1289 2823 corruptus
1312 2747 1371 2820 est,

185 2844 284 2910 habet
307 2865 365 2926 pro
390 2866 417 2924 ,e
433 2844 560 2908 vimine‘
578 2845 778 2924 ,cuimmine‘.
803 2842 931 2907 Calathi
948 2865 965 2907 e
984 2843 1102 2907 vimine
1118 2849 1283 2924 texuntur,
1307 2865 1372 2908 non

187 2955 372 3014 nectuntur.
419 2948 502 3012 Sane
527 2948 640 3012 similis
663 2952 722 3028 est,
747 2946 803 3012 scd
826 2969 889 3012 non
917 2969 1049 3031 prorsus
1080 2948 1165 3012 idem
1195 2969 1272 3012 usus
1302 2969 1372 3012 ver-

189 3053 303 3118 borum
325 3052 476 3117 nectendi
504 3056 538 3116 et
568 3053 708 3118 texendi.
755 3051 802 3117 Of.
830 3053 900 3115 Am.
931 3052 956 3132 Ι,
982 3055 1081 3120 las:
1114 3073 1196 3132 ,cum
1224 3051 1372 3139 (aranea)

186 3157 255 3223 lere
279 3157 409 3220 deserta
433 3153 492 3219 sub
515 3155 608 3220 trabe
632 3157 733 3220 nectit
756 3162 857 3239 opus‘.
890 3155 1009 3220 Verto:
1027 3177 1127 3235 ,wenn
1144 3157 1189 3220 sic
1201 3156 1252 3220 ihr
1274 3155 1373 3220 leich-

187 3270 236 3327 tes
260 3260 359 3326 Werk
384 3268 479 3324 untcr
502 3259 573 3324 dem
597 3261 801 3325 verlassenen
826 3259 968 3325 Gebalke
992 3258 1171 3342 aukniipst‘.
1210 3259 1258 3326 uf.
1282 3261 1371 3324 Fast.

187 3370 212 3448 l,
239 3371 298 3431 157
324 3385 387 3447 sq.:
413 3365 596 3447 ,ignotaque
619 3364 728 3448 prodit
749 3364 888 3429 hirundo
912 3371 944 3429 et
959 3364 1082 3428 luteum
1100 3364 1186 3428 celsa
1203 3362 1261 3427 sub
1277 3363 1371 3427 trabe

186 3472 259 3555 figit
282 3474 382 3554 opus‘.
429 3469 476 3536 uf.
501 3471 571 3535 Art.
600 3468 641 3544 ΙΙ,
666 3474 706 3531 45
732 3488 796 3551 sq.:
831 3470 1009 3552 ,remigium
1033 3469 1199 3532 volucrum
1229 3467 1372 3553 disponit

188 3579 222 3642 in
246 3575 358 3641 ordine
374 3573 499 3656 pinnas,
524 3579 555 3635 et
578 3572 647 3637 leve
669 3594 728 3656 per
747 3573 804 3636 lini
827 3574 956 3638 vincula
976 3574 1077 3638 nectit
1093 3579 1194 3656 opus‘.
1219 3572 1266 3637 Cf.
1282 3571 1371 3637 Fast.

188 3681 227 3763 V,
252 3683 330 3744 219:
363 3716 414 3759 ,-
443 3675 602 3741 accedunt
632 3676 779 3742 Charites
808 3684 1006 3760 nectuntque
1029 3683 1184 3742 coronas‘.
1229 3676 1302 3741 Non
1324 3676 1373 3739 in-

189 3787 296 3850 venies
318 3783 352 3846 in
376 3781 482 3846 Ovidii
505 3781 634 3864 scriptis
656 3781 779 3864 locum,
810 3804 872 3864 quo
896 3783 1031 3847 similior
1055 3782 1080 3845 si
1119 3782 1208 3845 notio
1223 3779 1373 3845 nectendi

188 3888 313 3956 notioni
335 3887 474 3954 texendi.
510 3887 556 3951 De
579 3908 644 3968 qua
667 3886 813 3951 conseras
829 3887 917 3950 Fast.
937 3885 988 3965 Vl,
1013 3887 1093 3949 262:
1119 3891 1235 3965 ,textus
1251 3883 1369 3948 vimine

189 3995 277 4059 lento
300 3993 427 4076 paries‘,
451 3992 529 4059 Met.
551 3991 593 4072 ΙΙ,
619 3994 698 4058 554:
724 3997 824 4071 ,texta
846 3990 885 4054 de
908 3990 1024 4054 vimine
1048 3990 1151 4054 cista‘.
1176 3989 1235 4053 His
1254 3988 1374 4053 utrius-

190 4119 252 4182 que
273 4097 399 4181 generis
422 4096 504 4161 Iocis
527 4095 669 4161 laudatis
692 4095 865 4160 verisimile
889 4100 955 4175 est,
987 4092 1158 4177 legendum
1190 4115 1258 4158 esse
1282 4092 1373 4158 Fast.

190 4202 245 4282 IV,
269 4203 331 4266 435
358 4206 493 4280 ,textos‘.
541 4200 683 4266 Texendi
705 4198 837 4264 verbum
861 4199 958 4264 etiam
981 4200 1050 4265 Am.
1074 4199 1116 4278 ΙΙ,
1140 4199 1224 4264 9.18
1241 4218 1373 4279 corrup·

190 4314 260 4376 tum
283 4311 341 4386 est,
363 4303 419 4369 ubi
434 4304 552 4389 legitur
567 4304 679 4390 vulgo:
704 4303 896 4390 ,Roma‘nisi
914 4304 1105 4368 immensum
1121 4303 1204 4368 vires
1221 4302 1374 4367 movisset
