3112 4860
796 278 839 349 26

225 492 289 537 non
313 475 430 555 potest,
453 471 583 535 cumin
607 469 819 536 describenda
841 493 877 537 re
899 471 998 536 simili
1022 470 1110 536 dicat
1141 471 1219 538 Met.
1250 471 1305 551 IV,
1330 474 1409 536 531:

225 581 271 656 ,at
294 574 403 640 Venus
424 575 606 640 immeritae
629 575 736 658 neptis
758 576 914 642 miserata
934 575 1072 641 labores‘
1097 584 1130 640 et
1160 598 1188 644 v.
1213 579 1291 640 570:
1324 574 1410 655 ,dum

224 681 330 765 prima
352 684 533 744 retractant
555 678 624 744 fata
646 679 760 744 domus
778 681 989 764 releguntque
1006 701 1079 746 suos
1096 701 1242 746 sermone
1261 677 1411 748 labores‘.

224 784 341 850 Altero
364 783 447 864 loco,
471 804 566 867 quem
589 783 809 862 laudavimus,
831 790 929 868 pocta
950 790 1082 864 narrat,
1106 784 1216 849 Ionem
1238 783 1356 849 iactari
1377 783 1411 847 iu

224 889 316 954 Ionio
345 889 438 968 mari,
462 889 576 968 altero,
602 887 758 954 Cadmum
782 873 887 971 longis
910 887 1073 953 erroribus
1096 892 1205 953 actum
1229 908 1309 956 osse.
1332 886 1411 952 Inde

224 1014 382 1077 apparere
404 991 542 1072 videtur,
566 993 663 1059 Trist.
689 992 727 1072 V,
752 995 838 1061 219
862 1013 971 1057 vocem
997 991 1137 1072 ,laboris‘
1162 1013 1220 1056 suo
1242 991 1315 1067 loco
1332 1012 1411 1060 esse.

224 1096 274 1162 Ea
296 1101 404 1162 autem
428 1095 468 1161 de
492 1117 589 1162 causa
611 1096 751 1162 fortasse
773 1101 901 1162 mutata
924 1103 972 1161 est
987 1097 1020 1161 in
1037 1095 1189 1178 ,doloris‘,
1213 1096 1290 1181 quia
1305 1116 1409 1175 versu,

224 1202 280 1286 qui
302 1200 477 1281 antecedit,
502 1201 542 1267 de
566 1201 751 1267 vulneribus
774 1222 879 1267 sermo
903 1207 963 1268 est.

663 1409 768 1491 Trlsl.
796 1410 832 1512 ll,
860 1412 895 1490 5.
922 1411 981 1490 53.

446 1548 549 1618 ,Victor
566 1547 713 1603 Echionias
731 1548 754 1602 si
771 1549 814 1608 vir
830 1554 1001 1620 penetrasset
1017 1549 1053 1604 in
1071 1551 1165 1605 arces!

328 1688 364 1754 L.
389 1693 422 1752 et
452 1687 584 1771 aliquod
615 1712 644 1765 ς.
676 1686 728 1767 ,ad
757 1695 876 1768 arces‘,
911 1689 1010 1754 ceteri
1044 1689 1086 1769 ,in
1117 1694 1229 1756 arces‘.
1275 1687 1410 1754 Ovidius

225 1797 406 1876 ,penetrare
428 1792 471 1857 in‘
496 1791 608 1858 eadem
632 1791 865 1876 significatione
888 1791 1031 1872 adhibet,
1054 1813 1120 1876 qua
1143 1797 1323 1877 ,penetrare
1347 1789 1410 1858 ad‘.

226 1896 586 1977 ,Penetrareina1·ces‘,
603 1896 689 1980 quod
713 1897 809 1978 vulgo
832 1897 948 1977 editur,
973 1897 1014 1962 ab
1038 1897 1084 1962 eis
1107 1895 1236 1962 videtur
1255 1894 1411 1979 scriptum

227 2021 307 2082 esse,
330 2000 385 2085 qui
401 2000 594 2066 sententiam
617 2001 660 2081 ,in
679 2001 851 2066 interiores
868 2003 952 2066 arcis
969 2005 1091 2086 partes‘
1107 1999 1205 2066 verbo
1220 1997 1412 2083 penetrandi

225 2126 299 2169 cum
320 2104 560 2188 praepositione
584 2104 645 2186 ,ad‘
669 2106 840 2170 coniuncto
863 2105 1038 2190 significari
1059 2125 1153 2188 posse
1168 2125 1233 2170 non
1249 2103 1413 2169 existima-

224 2212 348 2276 verunt.
394 2208 458 2274 Sed
480 2207 612 2274 videant
634 2209 712 2274 Met.
735 2208 822 2290 XIV,
846 2214 925 2275 793:
950 2214 1130 2293 ,penetrare
1153 2207 1196 2273 ad
1211 2207 1278 2272 ima
1292 2205 1411 2287 fontis‘,

224 2311 297 2394 VII,
335 2316 415 2376 601:
457 2319 629 2398 penetrare
664 2313 708 2380 ad
741 2314 884 2381 viscera‘.
920 2311 1174 2379 Rescribendum
1216 2311 1317 2397 igitur
1362 2315 1413 2376 est

225 2415 277 2500 ‚ad
302 2421 414 2485 arces‘.
439 2455 477 2469 -

605 2625 1032 2728 amana-n

501 2765 633 2836 ,Suntque
651 2764 737 2835 magis
754 2765 827 2821 vitae
844 2768 966 2834 temporo
985 2762 1053 2819 dura
1070 2762 1169 2819 meae?

466 2868 544 2923 quem
561 2856 637 2906 tenet
654 2853 757 2907 Euxini
772 2851 890 2907 mendox
908 2851 1066 2920 cognomine
1083 2850 1187 2907 litus!

328 2992 364 3060 L.
386 2995 537 3075 ,pontus‘,
561 3012 605 3070 ς.;
640 2997 779 3076 ,pontus‘
810 2993 876 3058 sive
900 2993 1059 3072 ,Pontus‘,
1090 2989 1146 3055 alii
1171 2994 1323 3074 ,portus‘,
1355 2989 1412 3055 alii

226 3095 332 3177 ,litus‘.
364 3096 505 3177 ,Pontus‘
529 3095 656 3161 videtur
679 3095 885 3161 scribendum
907 3117 988 3163 esse.
1020 3093 1069 3163 cf.
1092 3093 1264 3175 Tristlll,
1289 3098 1339 3158 13.
1353 3097 1409 3158 27:

226 3199 312 3282 ,dum
335 3206 568 3265 maternarum
590 3222 667 3284 pars
689 3221 791 3284 paene
814 3201 999 3282 novissima,
1022 3199 1153 3281 Pontus,
1185 3198 1304 3264 Euxini
1327 3198 1410 3265 falso

225 3304 355 3372 nominc
377 3303 493 3388 dictus,
515 3304 635 3373 habet‘.

717 3521 924 3532 ————-

574 3656 1061 3761 emmau-m

483 3796 570 3865 ,lllum
588 3796 704 3852 fmtivae
721 3797 813 3853 iuvere
831 3796 972 3868 Cupidinis
989 3800 1070 3864 artes,

528 3899 594 3954 quas
612 3900 629 3938 a
645 3899 688 3938 me
706 3883 803 3939 vellem
820 3901 876 3940 non
894 3882 1033 3940 didicisset
1050 3882 1169 3940 Amon‘

331 4028 371 4090 A.
393 4024 430 4088 B.
456 4023 584 4110 (Kornii
607 4025 722 4113 signis)
747 4031 875 4106 ,amor‘,
907 4028 944 4094 B.
967 4049 1082 4095 manus
1104 4029 1246 4096 secunda
1268 4035 1411 4109 ,amans‘,

227 4126 313 4210 quod
337 4128 434 4192 etiam
464 4127 498 4196 C.
522 4128 561 4198 D.
585 4129 624 4195 E.
648 4128 685 4197 F.
709 4129 748 4198 G.
769 4131 805 4197 L.
827 4130 867 4198 N.
891 4133 926 4200 P.
950 4156 975 4201 a.
1004 4134 1136 4205 habent.
1180 4135 1299 4215 ,Amor‘
1324 4137 1412 4197 staro

226 4232 348 4314 nequit.
378 4231 511 4297 Minime
533 4232 679 4318 profecto
702 4235 865 4319 poeticum
887 4236 943 4302 sed
959 4237 1136 4305 absurdum
1151 4242 1245 4319 esset,
1268 4237 1297 4302 si
1314 4235 1412 4302 dixis·

229 4340 279 4402 set
302 4334 446 4420 Ovidius,
471 4358 505 4406 se
526 4339 619 4424 velle,
641 4361 682 4407 ne
704 4338 870 4407 didicisset
892 4342 990 4409 Amor
1013 4364 1033 4409 a
1055 4363 1090 4409 se
1121 4341 1289 4427 Cupidinis
1311 4349 1411 4410 artos.
