3112 4860
795 263 837 326 14

219 479 327 523 rerum
357 456 544 522 condicione
572 455 704 521 verbum
737 455 951 543 protendendi
984 475 1042 521 suo
1071 454 1143 521 Ioco
1175 460 1232 520 est.
1277 452 1303 518 E
1331 475 1406 519 con·
1491 538 1494 543 .

219 563 322 627 trario
345 560 387 625 ad
409 561 574 626 notionem
596 561 686 627 verbi
709 559 943 647 praetendendi
975 581 1100 645 semper
1132 559 1256 625 accedit
1286 556 1406 643 signifi-

221 671 273 732 cat
274 667 305 732 io
259 664 529 746 tdefendendi,
551 665 587 730 id
608 665 695 749 quod
713 665 801 732 vides
822 666 899 731 Met.
922 665 982 740 ΙΙΙ,
1006 665 1066 732 83.
1098 665 1157 742 ,ins
1158 664 1325 748 tantiaquc
1348 686 1405 730 ora

220 777 270 837 ret
256 770 364 837 tardat
397 769 528 853 cuspide
564 776 657 854 praet
659 777 745 840 enta
796 767 868 851 XIl,
897 772 976 833 376:
1015 767 1162 833 defensat
1148 773 1225 851 tque
1254 768 1405 834 humeros

219 880 455 960 praetentaque
477 875 615 939 sustinet
652 881 764 943 arma‘.
820 873 908 953 VIII,
941 876 1023 936 341:
1063 872 1406 939 exclamantiuvenes

220 984 455 1063 praetentaque
478 977 554 1042 forti
577 979 645 1044 tela
667 982 779 1045 tenent
801 978 935 1057 dextra‘,
959 997 1043 1059 quae
1067 977 1214 1061 exempla
1231 977 1295 1043 iam
1307 977 1406 1042 Hein-

221 1086 302 1149 sium
326 1104 390 1147 non
413 1082 525 1148 addita
548 1083 761 1166 explicatione
783 1081 917 1147 laudare
940 1080 1044 1149 video.
1097 1082 1272 1147 Merkalius
1302 1102 1406 1164 nuper

221 1211 330 1255 versus
354 1189 523 1253 olo-513
547 1188 638 1271 uncis
661 1186 792 1252 inclusit
813 1187 939 1251 ratione
962 1184 1001 1249 de
1025 1187 1130 1250 causis
1153 1208 1216 1252 non
1238 1184 1376 1251 reddita.

624 1428 703 1508 ner.
731 1428 792 1530 ιιι,
821 1429 1008 1510 ιιι-ιιι.

408 1586 499 1654 ,Plura
516 1589 607 1640 tamen
624 1583 752 1639 memini:
770 1599 820 1639 nec
839 1598 907 1655 quae
923 1584 1010 1654 magis
1028 1585 1141 1642 haereat
1157 1583 1224 1638 illa

411 1679 521 1743 pectore
538 1685 582 1726 res
599 1676 692 1727 nostro
713 1676 754 1726 est
770 1671 841 1726 Inter
859 1671 977 1742 bellique
994 1669 1119 1741 domique

407 1763 469 1814 acta
485 1760 540 1813 tot‘.

324 1919 366 1988 M.
389 1936 417 1997 ς.
441 1917 539 1999 ,uIIa‘,
563 1915 626 1981 duo
651 1915 736 1998 ,illa‘.
759 1916 851 1998 ,Illa‘,
875 1915 961 1998 quod
977 1916 1100 2000 recepit
1123 1914 1284 1996 Heinsius,
1301 1936 1406 1999 neque

223 2047 263 2090 ex
295 2023 457 2089 sententia
486 2041 592 2103 neque
624 2041 663 2084 ex
691 2041 830 2104 praecep
832 2020 874 2084 tis
905 2020 1126 2103 grammaticis
1158 2018 1407 2103 praeferendum

222 2134 281 2194 est.
335 2127 429 2208 ,‘Ulla
461 2124 548 2209 quod
578 2125 701 2205 reiecit,
738 2129 855 2208 poetae
888 2124 921 2188 in
953 2123 1013 2189 tali
1045 2123 1275 2190 verborumst
1262 2129 1410 2190 tructura

223 2237 356 2297 consuet
357 2253 410 2295 um
434 2235 492 2297 est.
469 2227 558 2295 tcf
580 2227 649 2309 XV,
673 2229 736 2294 208
760 2248 825 2311 sq:

346 2334 473 2418 ,Fitque
497 2332 637 2398 valens
628 2332 762 2414 iuvenis,
785 2354 888 2415 neque
910 2332 1174 2399 enimrobust1or
1198 2341 1290 2400 aetas

347 2438 416 2503 ulla
437 2459 497 2503 nec
520 2434 651 2503 uberior
674 2457 733 2501 nec
756 2457 840 2520 quae
862 2438 965 2520 magis
988 2437 1103 2503 ardeat
1118 2437 1186 2504 ulla
1202 2445 1272 2506 est‘

226 2543 266 2614 cf.
288 2543 327 2625 V,
352 2547 411 2609 381
437 2563 523 2626 sqq:
795 2540 844 2621 ,de
867 2541 955 2607 mille
971 2544 1101 2626 sagittis

347 2668 445 2713 unam
469 2647 622 2731 seposuit,
645 2644 702 2712 sed
726 2667 791 2729 qua
813 2667 872 2712 neo
894 2647 1021 2712 acutior
1042 2648 1109 2712 ulla
1143 2689 1146 2695 ·

347 2773 407 2818 nec
429 2753 535 2817 minus
558 2752 683 2816 incerta
705 2758 764 2829 est,
786 2771 846 2816 nec
868 2772 951 2835 quae
973 2752 1076 2835 magis
1095 2752 1208 2817 audiat
1230 2758 1363 2820 arcum.‘

313 2857 475 2936 Heinsius,
509 2855 536 2920 si
559 2854 765 2920 desiderabat
787 2855 964 2921 ablativum
987 2857 1237 2940 comparationis
1261 2857 1302 2922 ob
1325 2880 1410 2923 eam-

226 2985 289 3046 que
313 2981 444 3027 causam
467 2960 596 3045 scripsit
620 2959 709 3040 ,illa
731 2961 839 3044 potius
872 2967 973 3043 ,quae‘
1005 2961 1037 3026 in
1061 2961 1134 3044 qud,
1159 2982 1256 3044 quam
1274 2956 1359 3041 ,ulla‘
1376 2964 1409 3028 in

225 3066 301 3150 ,illa‘
325 3072 451 3130 mutare
474 3063 621 3146 debebat,
644 3063 678 3128 id
698 3064 785 3147 quod
808 3063 897 3130 vides
921 3087 960 3130 ex
974 3065 1044 3130 loco
1063 3065 1197 3131 laudato
1210 3065 1248 3147 V,
1263 3070 1322 3131 381
1338 3088 1408 3150 sqq.

223 3174 267 3238 At
293 3169 481 3255 postulatur
504 3167 661 3234 eiusmodi
683 3167 844 3235 ablativus
865 3191 924 3234 nec
950 3168 1055 3234 Ovidii
1078 3169 1205 3234 dicendi
1228 3191 1353 3254 genere,
1376 3172 1409 3237 id

225 3273 312 3360 quod
346 3273 450 3339 clucet
481 3295 519 3338 ex
548 3272 619 3337 Ioco
650 3272 754 3338 altero
786 3295 881 3358 quem
915 3274 1117 3340 laudavimus
1147 3273 1218 3356 XV,
1249 3277 1321 3357 208,
1351 3297 1410 3340 neo

225 3379 396 3447 sententia.

645 3507 726 3594 uer.
753 3508 990 3610 rupto-au.

430 3664 522 3734 ‚Dixit
541 3669 568 3718 et
584 3663 705 3720 Insani
723 3663 855 3718 deiectam
871 3664 973 3720 viribus
990 3665 1076 3720 austri

431 3753 501 3809 forte
519 3750 623 3806 trabem
641 3755 737 3806 nactus
754 3749 872 3806 validum
897 3751 1010 3806 coniecit
1031 3752 1060 3806 in
1084 3751 1204 3809 hostem!

330 3911 374 3979 M.
406 3911 557 3991 insanis,
588 3929 616 3987 ς.
639 3909 758 3993 partim
792 3909 946 3989 ‚insanis‘‚
977 3911 1097 3992 partim
1128 3911 1262 3991 ,insanit
1308 3911 1411 3988 Quam

226 4035 356 4080 causam
379 4014 554 4080 mutandae
577 4014 758 4096 scripturae
774 4013 816 4077 M.
832 4011 982 4078 habuerit
994 4014 1156 4094 Heinsius,
1172 4035 1236 4079 non
1248 4015 1411 4097 intellego.

226 4118 362 4183 Videtur
384 4115 567 4183 reducenda
597 4136 666 4181 esse
694 4115 928 4199 referendaque
950 4138 1020 4197 vox,
1043 4119 1184 4200 ,insanis‘
1203 4117 1246 4182 ad
1268 4116 1411 4199 ,viribus‘

227 4221 267 4291 cf.
290 4221 358 4305 XV,
381 4225 461 4287 299:
485 4223 542 4304 ,vis
569 4221 637 4285 fera
659 4226 826 4286 ventorum
849 4222 954 4286 caecis
975 4221 1099 4287 inclusa
1122 4221 1286 4291 cavernis‘.
